Cas;P+;P-;Q1;Q2;Q3;Q4;A+;A-;AQ1;AQ2;AQ3;AQ4;S;AP1;AP2;AP3;D1;D2;D3;;P1;P2;P3;Q1;Q2;Q3;U1;U2;U3;I1;I2;I3;;S1;S2;S3;D1;D2;D3;P;Q;D;Sa;Sr;N;AP++;AQ++;Asa++;Asr++;cosFi;P/Sa;P/Sr
 ;"1.5";"2.5";"5.5";"6.5";"7.5";"8.5";"1.8";"2.8";"5.8";"6.8";"7.8";"8.8";"9.8";"21.8";"41.8";"61.8";"181.5";"182.5";"183.5"
 ;[kW];[kW];[kvar];[kvar];[kvar];[kvar];[kWh];[kWh];[kvarh];[kvarh];[kvarh];[kvarh];[kVAh];[kWh];[kWh];[kWh];[kvar];[kvar];[kvar]; ;[kW];[kW];[kW];[kvar];[kvar];[kvar];[V];[V];[V];[A];[A];[A]; ;[kVA];[kVA];[kVA];[kvar];[kvar];kvar];[kW];[kvar];[kvar];[kVAh];[kVAh];[kvar];[kWh];[kvarh];[kVAh];[kVAh]
1.10.2015 00:00;000,5;000,0;;;;;21825;1787345;6132;213709;52;206;0;0;0;0;0;0;0;;0,25;0,25;0,50;0,00;0,00;0,00;13620,00;12312,00;13575,00;0,03;0,02;0,04;;0,25;0,25;0,50;0,00;0,00;0,00;1,00;0,00;0,00;1,26;1,28;0,81;0,25;0,00;0,32;0,32;1,00;0,79;0,78;
1.10.2015 00:15;000,5;000,0;;;;;21826;1787345;6132;213709;52;206;0;0;0;0;0;0;0;;0,25;0,25;0,50;0,00;0,00;0,00;13588,00;12343,00;13601,00;0,03;0,02;0,04;;0,25;0,25;0,50;0,00;0,00;0,00;1,00;0,00;0,00;1,26;1,28;0,81;0,25;0,00;0,32;0,32;1,00;0,79;0,78;
1.10.2015 00:30;000,5;000,0;;;;;21826;1787345;6132;213709;52;206;0;0;0;0;0;0;0;;0,25;0,25;0,50;0,00;0,00;0,00;13613,00;12343,00;13604,00;0,03;0,02;0,04;;0,25;0,25;0,50;0,00;0,00;0,00;1,00;0,00;0,00;1,26;1,29;0,81;0,25;0,00;0,32;0,32;1,00;0,79;0,78;
1.10.2015 00:45;000,5;000,0;;;;;21826;1787345;6132;213709;52;206;0;0;0;0;0;0;0;;0,25;0,25;0,50;0,00;0,00;0,00;13696,00;12341,00;13623,00;0,03;0,02;0,04;;0,25;0,25;0,50;0,00;0,00;0,00;1,00;0,00;0,00;1,27;1,29;0,81;0,25;0,00;0,32;0,32;1,00;0,79;0,78;
1.10.2015 01:00;000,4;000,0;;;;;21826;1787345;6132;213709;52;206;0;0;0;0;0;0;0;;0,25;0,25;0,50;0,00;0,00;0,00;13578,00;12383,00;13623,00;0,03;0,02;0,04;;0,25;0,25;0,50;0,00;0,00;0,00;1,00;0,00;0,00;1,26;1,29;0,81;0,25;0,00;0,32;0,32;1,00;0,79;0,78;
1.10.2015 01:15;000,5;000,0;;;;;21826;1787345;6132;213709;52;206;0;0;0;0;0;0;0;;0,25;0,25;0,50;0,00;0,00;0,00;13613,00;12385,00;13630,00;0,03;0,02;0,04;;0,25;0,25;0,50;0,00;0,00;0,00;1,00;0,00;0,00;1,27;1,29;0,81;0,25;0,00;0,32;0,32;1,00;0,79;0,78;
1.10.2015 01:30;000,8;000,0;;;;;21826;1787345;6132;213709;52;206;0;0;0;0;0;0;0;;0,25;0,25;0,50;0,00;0,00;0,00;13693,00;12425,00;13680,00;0,03;0,02;0,04;;0,25;0,25;0,50;0,00;0,00;0,00;1,00;0,00;0,00;1,27;1,29;0,82;0,25;0,00;0,32;0,32;1,00;0,79;0,77;
1.10.2015 01:45;000,7;000,0;;;;;21826;1787345;6132;213709;52;206;0;0;0;0;0;0;0;;0,25;0,25;0,50;0,00;0,00;0,00;13709,00;12423,00;13688,00;0,03;0,02;0,04;;0,25;0,25;0,50;0,00;0,00;0,00;1,00;0,00;0,00;1,27;1,29;0,82;0,25;0,00;0,32;0,32;1,00;0,79;0,77;
1.10.2015 02:00;000,6;000,0;;;;;21827;1787345;6132;213709;52;206;0;0;0;0;0;0;0;;0,25;0,25;0,50;0,00;0,00;0,00;13682,00;12416,00;13672,00;0,03;0,02;0,04;;0,25;0,25;0,50;0,00;0,00;0,00;1,00;0,00;0,00;1,27;1,29;0,82;0,25;0,00;0,32;0,32;1,00;0,79;0,77;
1.10.2015 02:15;000,7;000,0;;;;;21827;1787345;6132;213709;52;206;0;0;0;0;0;0;0;;0,25;0,25;0,50;0,00;0,00;0,00;13696,00;12417,00;13678,00;0,03;0,02;0,04;;0,25;0,25;0,50;0,00;0,00;0,00;1,00;0,00;0,00;1,27;1,29;0,82;0,25;0,00;0,32;0,32;1,00;0,79;0,77;
1.10.2015 02:30;000,7;000,0;;;;;21827;1787345;6132;213709;52;206;0;0;0;0;0;0;0;;0,25;0,25;0,50;0,00;0,00;0,00;13698,00;12437,00;13693,00;0,03;0,02;0,04;;0,25;0,25;0,50;0,00;0,00;0,00;1,00;0,00;0,00;1,27;1,29;0,82;0,25;0,00;0,32;0,32;1,00;0,79;0,77;
1.10.2015 02:45;000,6;000,0;;;;;21827;1787345;6132;213709;52;206;0;0;0;0;0;0;0;;0,50;0,75;0,50;0,00;0,00;0,00;13717,00;12428,00;13698,00;0,05;0,09;0,06;;0,75;1,00;0,75;0,56;0,66;0,56;2,25;0,00;1,78;2,73;2,84;NaN;0,56;0,00;0,68;0,71;1,00;0,83;0,79;
1.10.2015 03:00;000,7;000,0;;;;;21827;1787345;6132;213709;52;206;0;0;0;0;0;0;0;;0,75;1,50;0,75;0,00;0,00;0,00;13689,00;12397,00;13671,00;0,07;0,13;0,07;;0,75;1,50;1,00;0,00;0,00;0,66;3,25;0,00;0,66;3,56;3,76;1,77;0,81;0,00;0,89;0,94;1,00;0,91;0,86;
1.10.2015 03:15;000,7;000,0;;;;;21827;1787345;6132;213709;52;206;0;0;0;0;0;0;0;;0,25;0,25;0,50;0,00;0,00;0,00;13684,00;12436,00;13687,00;0,03;0,02;0,04;;0,25;0,25;0,50;0,00;0,00;0,00;1,00;0,00;0,00;1,27;1,29;0,82;0,25;0,00;0,32;0,32;1,00;0,79;0,77;
1.10.2015 03:30;000,8;000,0;;;;;21828;1787345;6132;213709;52;206;0;0;0;0;0;0;0;;0,75;1,50;0,75;0,00;0,00;0,00;13650,00;12432,00;13672,00;0,07;0,13;0,07;;0,75;1,50;1,00;0,00;0,00;0,66;3,25;0,00;0,66;3,57;3,76;1,77;0,81;0,00;0,89;0,94;1,00;0,91;0,86;
1.10.2015 03:45;000,8;000,0;;;;;21828;1787345;6132;213709;52;206;0;0;0;0;0;0;0;;0,25;0,25;0,50;0,00;0,00;0,00;13705,00;12444,00;13697,00;0,03;0,02;0,04;;0,25;0,25;0,50;0,00;0,00;0,00;1,00;0,00;0,00;1,27;1,30;0,82;0,25;0,00;0,32;0,32;1,00;0,79;0,77;
1.10.2015 04:00;000,8;000,0;;;;;21828;1787345;6132;213709;52;206;0;0;0;0;0;0;0;;0,25;0,25;0,50;0,00;0,00;0,00;13666,00;12435,00;13666,00;0,03;0,02;0,04;;0,25;0,25;0,50;0,00;0,00;0,00;1,00;0,00;0,00;1,27;1,29;0,82;0,25;0,00;0,32;0,32;1,00;0,79;0,77;
1.10.2015 04:15;000,9;000,0;;;;;21828;1787345;6132;213709;52;206;0;0;0;0;0;0;0;;0,75;1,50;0,75;0,00;0,00;0,00;13649,00;12431,00;13637,00;0,07;0,13;0,07;;0,75;1,50;1,00;0,00;0,00;0,66;3,25;0,00;0,66;3,56;3,76;1,76;0,81;0,00;0,89;0,94;1,00;0,91;0,87;
1.10.2015 04:30;001,0;000,0;;;;;21828;1787345;6132;213709;52;206;0;0;0;0;0;0;0;;0,25;0,25;0,50;0,00;0,00;0,00;13656,00;12413,00;13641,00;0,03;0,02;0,04;;0,25;0,25;0,50;0,00;0,00;0,00;1,00;0,00;0,00;1,27;1,29;0,82;0,25;0,00;0,32;0,32;1,00;0,79;0,77;
1.10.2015 04:45;000,9;000,0;;;;;21829;1787345;6132;213709;52;206;0;0;0;0;0;0;0;;0,25;0,25;0,50;0,00;0,00;0,00;13667,00;12386,00;13631,00;0,03;0,02;0,04;;0,25;0,25;0,50;0,00;0,00;0,00;1,00;0,00;0,00;1,27;1,29;0,81;0,25;0,00;0,32;0,32;1,00;0,79;0,78;
1.10.2015 05:00;001,0;000,0;;;;;21829;1787345;6132;213709;52;206;0;0;0;0;0;0;0;;0,75;1,50;0,75;0,00;0,00;0,00;13673,00;12367,00;13611,00;0,07;0,13;0,07;;0,75;1,50;1,00;0,00;0,00;0,66;3,25;0,00;0,66;3,55;3,75;1,75;0,81;0,00;0,89;0,94;1,00;0,91;0,87;
1.10.2015 05:15;000,9;000,0;;;;;21829;1787345;6132;213709;52;206;0;0;0;0;0;0;0;;0,75;1,50;0,75;0,00;0,00;0,00;13609,00;12346,00;13572,00;0,07;0,12;0,07;;0,75;1,50;1,00;0,00;0,00;0,66;3,25;0,00;0,66;3,51;3,69;1,63;0,81;0,00;0,88;0,92;1,00;0,92;0,88;
1.10.2015 05:30;001,0;000,0;;;;;21829;1787345;6132;213709;52;206;0;0;0;0;0;0;0;;0,75;1,50;0,75;0,00;0,00;0,00;13598,00;12353,00;13555,00;0,07;0,13;0,07;;0,75;1,50;1,00;0,00;0,00;0,66;3,25;0,00;0,66;3,54;3,74;1,72;0,81;0,00;0,89;0,93;1,00;0,92;0,87;
1.10.2015 05:45;001,1;000,0;;;;;21830;1787345;6132;213709;52;206;0;0;0;0;0;0;0;;0,25;0,25;0,50;0,00;0,00;0,00;13578,00;12338,00;13542,00;0,03;0,02;0,04;;0,25;0,25;0,50;0,00;0,00;0,00;1,00;0,00;0,00;1,26;1,28;0,80;0,25;0,00;0,32;0,32;1,00;0,79;0,78;
1.10.2015 06:00;000,6;000,0;;;;;21830;1787345;6132;213709;52;206;0;0;0;0;0;0;0;;0,25;0,25;0,50;0,00;0,00;0,00;13563,00;12301,00;13506,00;0,03;0,02;0,04;;0,25;0,25;0,50;0,00;0,00;0,00;1,00;0,00;0,00;1,26;1,28;0,80;0,25;0,00;0,31;0,32;1,00;0,80;0,78;
1.10.2015 06:15;001,1;000,0;;;;;21830;1787345;6132;213709;52;206;0;0;0;0;0;0;0;;0,75;1,50;0,75;0,00;0,00;0,00;13383,00;12207,00;13361,00;0,07;0,12;0,07;;0,75;1,50;0,75;0,00;0,00;0,00;3,00;0,00;0,00;3,43;3,61;2,02;0,75;0,00;0,86;0,90;1,00;0,87;0,83;
1.10.2015 06:30;001,1;000,0;;;;;21830;1787345;6132;213709;52;206;0;0;0;0;0;0;0;;0,75;1,50;0,75;0,00;0,00;0,00;13419,00;12186,00;13365,00;0,07;0,12;0,07;;0,75;1,50;0,75;0,00;0,00;0,00;3,00;0,00;0,00;3,40;3,59;1,97;0,75;0,00;0,85;0,90;1,00;0,88;0,84;
1.10.2015 06:45;000,9;000,1;;;;;21831;1787345;6132;213709;52;206;0;0;0;0;0;0;0;;0,00;0,50;0,00;0,00;0,50;1,25;13392,00;12187,00;13330,00;0,08;0,11;0,12;;0,00;1,25;1,50;0,00;1,03;0,83;0,50;1,75;1,86;4,05;4,11;3,18;0,12;0,44;1,01;1,03;-0,94;0,12;0,12;
1.10.2015 07:00;000,0;001,2;;;;;21831;1787345;6132;213709;52;206;0;0;0;0;0;0;0;;-2,50;-2,50;-2,25;1,00;0,75;0,75;13420,00;12151,00;13321,00;0,22;0,23;0,20;;2,75;2,75;2,50;0,56;0,87;0,79;-7,50;2,75;2,22;8,44;8,48;1,78;-1,88;0,69;2,11;2,12;0,93;-0,89;-0,88;
1.10.2015 07:15;000,0;004,1;;;;;21831;1787346;6132;213709;52;206;0;0;0;0;0;0;0;;-5,75;-4,50;-5,50;0,00;0,75;1,50;13343,00;12173,00;13331,00;0,44;0,41;0,46;;5,75;4,75;6,00;0,00;1,32;1,87;-16,00;2,50;3,19;16,96;16,97;3,92;-4,00;0,62;4,24;4,24;0,99;-0,94;-0,94;
1.10.2015 07:30;000,0;013,3;;;;;21831;1787350;6132;213710;52;206;0;0;0;0;0;0;0;;-19,50;-17,75;-19,25;0,75;1,50;2,50;13390,00;12143,00;13336,00;1,47;1,49;1,47;;19,50;18,00;19,50;nan;2,59;1,85;-56,75;5,00;nan;57,22;57,29;NaN;-14,19;1,25;14,30;14,32;1,00;-0,99;-0,99;
1.10.2015 07:45;000,0;032,9;;;;;21831;1787358;6132;213710;52;206;0;0;0;0;0;0;0;;-37,50;-34,25;-37,25;1,50;2,75;5,00;13352,00;12137,00;13325,00;2,83;2,84;2,83;;37,75;34,50;37,50;4,07;3,10;nan;-109,25;9,50;nan;109,96;110,08;NaN;-27,31;2,38;27,49;27,52;1,00;-0,99;-0,99;
1.10.2015 08:00;000,0;055,2;;;;;21831;1787372;6132;213712;52;206;0;0;0;0;0;0;0;;-57,25;-52,00;-56,50;3,25;5,00;8,75;13459,00;12232,00;13428,00;4,26;4,27;4,26;;57,25;52,25;57,00;nan;1,03;nan;-165,75;17,25;nan;166,80;166,97;NaN;-41,44;4,31;41,70;41,74;0,99;-0,99;-0,99;
1.10.2015 08:15;000,0;077,2;;;;;21831;1787392;6132;213714;52;206;0;0;0;0;0;0;0;;-75,75;-68,75;-75,00;3,25;6,25;10,75;13423,00;12193,00;13401,00;5,66;5,68;5,68;;75,75;69,00;76,00;nan;nan;5,95;-219,75;20,50;nan;221,19;221,41;NaN;-54,94;5,12;55,30;55,35;1,00;-0,99;-0,99;
1.10.2015 08:30;000,0;099,4;;;;;21831;1787417;6132;213716;52;206;0;0;0;0;0;0;0;;-94,75;-86,75;-94,25;5,50;9,00;14,00;13374,00;12270,00;13396,00;7,11;7,13;7,13;;95,00;87,25;95,50;4,15;2,45;6,42;-276,25;28,50;13,01;278,09;278,32;12,94;-69,06;7,12;69,52;69,58;0,99;-0,99;-0,99;
1.10.2015 08:45;000,0;120,8;;;;;21831;1787447;6132;213719;52;206;0;0;0;0;0;0;0;;-112,75;-103,25;-112,00;7,50;12,00;17,75;13386,00;12313,00;13427,00;8,45;8,46;8,47;;113,00;104,00;113,50;0,43;3,38;4,82;-328,50;37,75;8,63;331,01;331,26;18,02;-82,12;9,44;82,75;82,82;0,99;-0,99;-0,99;
1.10.2015 09:00;000,0;141,5;;;;;21831;1787482;6132;213723;52;206;0;0;0;0;0;0;0;;-129,25;-118,50;-128,75;7,50;12,75;19,50;13387,00;12299,00;13416,00;9,69;9,69;9,72;;129,50;119,25;130,25;2,90;3,97;2,87;-376,75;40,00;9,75;379,33;379,62;21,88;-94,19;10,00;94,83;94,91;0,99;-0,99;-0,99;
1.10.2015 09:15;000,0;158,8;;;;;21831;1787522;6132;213727;52;206;0;0;0;0;0;0;0;;-143,25;-131,00;-142,50;9,25;14,75;22,75;13358,00;12291,00;13411,00;10,77;10,74;10,77;;143,75;131,75;144,50;7,61;nan;7,51;-417,00;47,00;nan;420,24;420,55;NaN;-104,25;11,75;105,06;105,14;0,99;-0,99;-0,99;
1.10.2015 09:30;000,0;174,6;;;;;21831;1787566;6132;213733;52;206;0;0;0;0;0;0;0;;-156,50;-142,75;-155,50;11,00;17,25;25,75;13425,00;12324,00;13469,00;11,70;11,68;11,73;;157,00;143,75;157,75;5,98;nan;6,46;-455,00;54,25;nan;458,94;459,29;NaN;-113,75;13,56;114,73;114,82;0,99;-0,99;-0,99;
1.10.2015 09:45;000,0;190,1;;;;;21831;1787613;6132;213738;52;206;0;0;0;0;0;0;0;;-169,50;-154,50;-168,00;13,00;19,50;29,25;13413,00;12317,00;13439,00;12,68;12,65;12,69;;170,00;155,75;170,50;0,87;2,75;nan;-492,00;62,00;nan;496,46;496,83;NaN;-123,00;15,50;124,12;124,21;0,99;-0,99;-0,99;
1.10.2015 10:00;000,0;203,9;;;;;21831;1787664;6132;213744;52;206;0;0;0;0;0;0;0;;-181,00;-165,50;-180,25;12,25;19,75;29,50;13416,00;12346,00;13466,00;13,54;13,52;13,58;;181,50;166,75;182,75;5,58;5,02;6,10;-527,25;62,00;16,71;531,41;531,79;26,20;-131,81;15,50;132,85;132,95;0,99;-0,99;-0,99;
1.10.2015 10:15;000,0;217,0;;;;;21831;1787719;6132;213751;52;206;0;0;0;0;0;0;0;;-190,50;-174,00;-189,50;13,75;21,50;32,00;13376,00;12311,00;13425,00;14,30;14,25;14,32;;191,00;175,25;192,25;1,30;nan;5,08;-554,25;67,50;nan;558,99;559,38;NaN;-138,56;16,88;139,75;139,84;0,99;-0,99;-0,99;
1.10.2015 10:30;000,0;227,8;;;;;21831;1787776;6132;213758;52;206;0;0;0;0;0;0;0;;-200,50;-182,50;-199,00;14,75;23,00;34,50;13446,00;12344,00;13474,00;14,97;14,91;15,00;;201,00;184,00;202,00;nan;4,56;3,57;-582,00;72,50;nan;587,31;587,73;NaN;-145,50;18,12;146,83;146,93;0,99;-0,99;-0,99;
1.10.2015 10:45;000,0;237,1;;;;;21831;1787835;6132;213766;52;206;0;0;0;0;0;0;0;;-207,50;-189,25;-205,75;16,25;24,25;36,00;13443,00;12370,00;13487,00;15,49;15,44;15,51;;208,25;190,75;209,00;6,91;nan;7,21;-602,75;76,75;nan;608,31;608,74;NaN;-150,69;19,19;152,08;152,18;0,99;-0,99;-0,99;
1.10.2015 11:00;000,0;245,3;;;;;21831;1787896;6132;213774;52;206;0;0;0;0;0;0;0;;-214,50;-195,50;-212,75;17,75;25,75;38,00;13418,00;12329,00;13466,00;16,05;16,01;16,06;;215,25;197,25;216,25;2,69;4,92;7,58;-623,00;81,50;15,20;629,04;629,52;35,91;-155,75;20,38;157,26;157,38;0,99;-0,99;-0,99;
1.10.2015 11:15;000,0;251,7;;;;;21831;1787959;6132;213782;52;206;0;0;0;0;0;0;0;;-220,00;-200,25;-218,00;18,00;27,50;40,75;13337,00;12284,00;13374,00;16,56;16,47;16,59;;220,75;202,25;221,75;2,56;6,98;nan;-638,25;86,25;nan;644,99;645,40;NaN;-159,56;21,56;161,25;161,35;0,99;-0,99;-0,99;
1.10.2015 11:30;000,0;257,8;;;;;21831;1788024;6132;213791;52;206;0;0;0;0;0;0;0;;-224,25;-204,25;-222,50;19,25;27,75;41,00;13423,00;12336,00;13484,00;16,77;16,73;16,80;;225,00;206,25;226,25;nan;7,14;1,35;-651,25;88,25;nan;657,95;658,44;NaN;-162,81;22,06;164,49;164,61;0,99;-0,99;-0,99;
1.10.2015 11:45;000,0;263,0;;;;;21831;1788090;6132;213800;52;206;0;0;0;0;0;0;0;;-229,25;-209,50;-227,25;20,25;29,25;42,00;13423,00;12371,00;13471,00;17,15;17,11;17,18;;230,00;211,50;231,25;nan;nan;8,37;-666,25;91,50;nan;673,30;673,77;NaN;-166,56;22,88;168,33;168,44;0,99;-0,99;-0,99;
1.10.2015 12:00;000,0;266,9;;;;;21831;1788156;6132;213809;52;206;0;0;0;0;0;0;0;;-229,75;-209,00;-227,25;20,25;28,50;42,25;13490,00;12359,00;13501,00;17,10;17,07;17,15;;230,75;211,00;231,25;7,10;5,27;7,00;-666,00;91,25;19,37;673,13;673,64;39,23;-166,50;22,81;168,28;168,41;0,99;-0,99;-0,99;
1.10.2015 12:15;000,0;269,1;;;;;21831;1788224;6132;213818;52;206;0;0;0;0;0;0;0;;-231,75;-211,50;-229,75;20,75;29,50;42,50;13486,00;12395,00;13508,00;17,27;17,24;17,31;;232,75;213,75;233,75;5,83;9,30;6,91;-673,25;93,00;22,04;680,51;681,01;37,09;-168,31;23,25;170,13;170,25;0,99;-0,99;-0,99;
1.10.2015 12:30;000,0;269,3;;;;;21831;1788291;6132;213827;52;206;0;0;0;0;0;0;0;;-230,75;-210,25;-229,00;20,00;29,00;42,25;13483,00;12390,00;13519,00;17,18;17,14;17,27;;231,75;212,50;232,75;7,91;10,50;nan;-670,25;91,50;nan;677,48;677,95;NaN;-167,56;22,88;169,37;169,49;0,99;-0,99;-0,99;
1.10.2015 12:45;000,0;268,7;;;;;21831;1788358;6132;213836;52;206;0;0;0;0;0;0;0;;-229,75;-209,75;-228,25;20,25;29,00;41,75;13503,00;12406,00;13547,00;17,09;17,08;17,13;;230,75;211,75;232,00;7,10;1,41;nan;-668,00;91,25;nan;674,76;675,27;NaN;-167,00;22,81;168,69;168,82;0,99;-0,99;-0,99;
1.10.2015 13:00;000,0;268,3;;;;;21831;1788425;6132;213846;52;206;0;0;0;0;0;0;0;;-230,50;-209,25;-228,00;20,00;28,75;42,75;13510,00;12368,00;13538,00;17,13;17,09;17,15;;231,25;211,25;232,00;nan;3,80;3,53;-667,75;91,50;nan;674,94;675,48;NaN;-166,94;22,88;168,73;168,87;0,99;-0,99;-0,99;
1.10.2015 13:15;000,0;266,2;;;;;21831;1788492;6132;213855;52;206;0;0;0;0;0;0;0;;-229,25;-208,00;-226,75;19,75;28,75;42,50;13468,00;12325,00;13487,00;17,09;17,05;17,12;;230,00;210,00;230,75;nan;3,07;4,87;-664,25;91,25;nan;671,24;671,78;NaN;-166,06;22,81;167,81;167,94;0,99;-0,99;-0,99;
1.10.2015 13:30;000,0;263,6;;;;;21831;1788558;6132;213864;52;206;0;0;0;0;0;0;0;;-225,50;-204,00;-223,00;18,75;27,75;41,50;13514,00;12325,00;13524,00;16,75;16,72;16,79;;226,25;206,00;227,00;nan;7,07;8,82;-653,00;88,25;nan;659,57;660,13;NaN;-163,25;22,06;164,89;165,03;0,99;-0,99;-0,99;
1.10.2015 13:45;000,0;260,9;;;;;21831;1788623;6132;213873;52;206;0;0;0;0;0;0;0;;-223,00;-202,00;-220,50;18,25;27,00;40,75;13512,00;12336,00;13518,00;16,56;16,53;16,60;;223,75;203,75;224,25;1,41;nan;2,69;-645,75;86,50;nan;652,14;652,68;NaN;-161,44;21,62;163,03;163,17;0,99;-0,99;-0,99;
1.10.2015 14:00;000,0;256,4;;;;;21831;1788687;6132;213881;52;206;0;0;0;0;0;0;0;;-218,75;-198,00;-216,25;17,25;25,75;39,50;13556,00;12356,00;13553,00;16,20;16,17;16,23;;219,50;199,75;220,00;5,58;5,74;8,70;-633,00;82,75;20,02;639,31;639,86;38,47;-158,25;20,69;159,83;159,96;0,99;-0,99;-0,99;
1.10.2015 14:15;000,0;248,2;;;;;21831;1788749;6132;213889;52;206;0;0;0;0;0;0;0;;-209,75;-190,75;-208,25;16,00;24,75;37,00;13484,00;12353,00;13526,00;15,61;15,58;15,65;;210,50;192,50;211,50;7,69;7,62;nan;-609,00;78,00;nan;614,69;615,18;NaN;-152,25;19,50;153,67;153,80;0,99;-0,99;-0,99;
1.10.2015 14:30;000,0;240,7;;;;;21831;1788809;6132;213897;52;206;0;0;0;0;0;0;0;;-203,75;-184,50;-201,75;15,25;23,00;36,00;13490,00;12314,00;13521,00;15,16;15,12;15,16;;204,50;186,00;205,00;8,58;5,17;5,09;-590,25;74,25;18,85;595,78;596,29;36,01;-147,56;18,56;148,94;149,07;0,99;-0,99;-0,99;
1.10.2015 14:45;000,0;231,0;;;;;21831;1788867;6132;213904;52;206;0;0;0;0;0;0;0;;-193,50;-175,50;-191,75;13,75;21,50;33,00;13504,00;12309,00;13516,00;14,38;14,37;14,41;;194,00;176,75;194,75;2,17;nan;8,40;-561,00;68,50;nan;565,80;566,31;NaN;-140,25;17,12;141,45;141,58;0,99;-0,99;-0,99;
1.10.2015 15:00;000,0;219,9;;;;;21831;1788922;6132;213911;52;206;0;0;0;0;0;0;0;;-186,75;-169,00;-184,75;12,50;20,00;31,75;13522,00;12317,00;13531,00;13,85;13,82;13,87;;187,25;170,25;187,75;5,55;4,91;10,46;-540,75;64,25;20,91;545,08;545,56;25,68;-135,19;16,06;136,27;136,39;0,99;-0,99;-0,99;
1.10.2015 15:15;000,0;210,7;;;;;21831;1788974;6132;213917;52;206;0;0;0;0;0;0;0;;-175,75;-159,00;-173,75;11,25;18,00;29,50;13446,00;12252,00;13471,00;13,10;13,06;13,11;;176,00;160,00;176,50;nan;nan;9,64;-508,50;59,00;nan;512,75;513,21;NaN;-127,12;14,75;128,19;128,30;0,99;-0,99;-0,99;
1.10.2015 15:30;000,0;189,4;;;;;21831;1789022;6132;213922;52;206;0;0;0;0;0;0;0;;-168,00;-152,50;-166,75;10,50;17,25;27,25;13460,00;12294,00;13496,00;12,51;12,50;12,53;;168,25;153,50;169,00;nan;2,90;3,59;-487,25;55,00;nan;491,07;491,50;NaN;-121,81;13,75;122,77;122,87;0,99;-0,99;-0,99;
1.10.2015 15:45;000,0;169,5;;;;;21831;1789063;6132;213926;52;206;0;0;0;0;0;0;0;;-46,50;-42,75;-46,50;3,00;5,00;7,25;13366,00;12226,00;13424,00;3,50;3,55;3,53;;46,75;43,25;47,25;3,78;4,24;4,21;-136,00;15,50;12,24;137,54;137,69;8,51;-34,00;3,88;34,38;34,42;0,99;-0,99;-0,99;
1.10.2015 16:00;000,0;159,2;;;;;21831;1789104;6132;213931;52;206;0;0;0;0;0;0;0;;-136,25;-124,25;-135,75;7,00;12,75;20,25;13501,00;12344,00;13540,00;10,11;10,13;10,15;;136,50;125,00;137,25;4,38;4,94;nan;-396,25;40,25;nan;398,91;399,26;NaN;-99,06;10,06;99,73;99,82;0,99;-0,99;-0,99;
1.10.2015 16:15;000,0;147,4;;;;;21831;1789140;6132;213934;52;206;0;0;0;0;0;0;0;;-118,00;-107,25;-117,50;5,50;10,50;17,25;13461,00;12272,00;13483,00;8,80;8,81;8,82;;118,25;108,00;119,00;5,37;7,15;7,56;-343,25;33,75;20,08;345,43;345,75;13,45;-85,81;8,44;86,36;86,44;1,00;-0,99;-0,99;
1.10.2015 16:30;000,0;129,8;;;;;21831;1789173;6132;213938;52;206;0;0;0;0;0;0;0;;-105,00;-95,75;-104,75;4,50;9,25;15,00;13444,00;12299,00;13499,00;7,82;7,84;7,86;;105,25;96,25;106,00;5,68;3,23;6,20;-305,75;29,25;15,11;307,73;308,00;17,20;-76,44;7,31;76,93;77,00;1,00;-0,99;-0,99;
1.10.2015 16:45;000,0;112,2;;;;;21831;1789201;6132;213940;52;206;0;0;0;0;0;0;0;;-87,50;-80,00;-87,25;3,75;7,50;12,25;13442,00;12307,00;13484,00;6,54;6,54;6,56;;87,75;80,50;88,25;5,45;4,90;5,04;-255,00;24,00;15,40;256,78;257,00;14,58;-63,75;6,00;64,20;64,25;1,00;-0,99;-0,99;
1.10.2015 17:00;000,0;092,0;;;;;21831;1789224;6132;213942;52;206;0;0;0;0;0;0;0;;-70,50;-64,75;-70,75;3,00;6,25;9,50;13468,00;12254,00;13461,00;5,25;5,32;5,32;;70,50;65,00;71,50;nan;nan;4,05;-206,25;19,00;nan;207,48;207,71;NaN;-51,56;4,75;51,87;51,93;1,00;-0,99;-0,99;
1.10.2015 17:15;000,0;072,5;;;;;21831;1789242;6132;213944;52;206;0;0;0;0;0;0;0;;-53,50;-48,50;-52,50;2,00;3,75;7,50;13416,00;12293,00;13479,00;4,01;3,97;3,96;;53,75;48,75;53,25;4,78;3,20;4,80;-155,00;13,50;12,78;155,88;156,01;NaN;-38,75;3,38;38,97;39,00;1,00;-0,99;-0,99;
1.10.2015 17:30;000,0;052,2;;;;;21831;1789255;6132;213945;52;206;0;0;0;0;0;0;0;;-36,50;-33,50;-36,25;1,50;3,00;5,00;13465,00;12296,00;13492,00;2,73;2,75;2,73;;36,50;33,75;36,75;nan;2,80;3,39;-106,50;9,50;nan;107,24;107,36;NaN;-26,62;2,38;26,81;26,84;1,00;-0,99;-0,99;
1.10.2015 17:45;000,0;033,9;;;;;21831;1789263;6132;213946;52;206;0;0;0;0;0;0;0;;-21,50;-19,75;-21,25;1,00;1,75;2,75;13455,00;12304,00;13489,00;1,61;1,62;1,61;;21,50;20,00;21,50;nan;2,62;1,77;-62,75;5,75;nan;63,31;63,38;NaN;-15,69;1,44;15,83;15,84;1,00;-0,99;-0,99;
1.10.2015 18:00;000,0;017,4;;;;;21831;1789267;6132;213946;52;206;0;0;0;0;0;0;0;;-9,00;-8,25;-8,75;1,00;1,00;1,50;13521,00;12313,00;13520,00;0,68;0,70;0,67;;9,00;8,50;9,00;nan;1,79;1,48;-26,25;3,75;nan;26,80;26,86;NaN;-6,56;0,94;6,70;6,71;0,99;-0,98;-0,98;
1.10.2015 18:15;000,0;005,5;;;;;21831;1789269;6132;213947;52;206;0;0;0;0;0;0;0;;-1,25;-1,25;-1,00;1,00;0,75;0,75;13483,00;12287,00;13491,00;0,16;0,16;0,14;;2,00;2,00;1,75;1,20;1,37;1,22;-4,00;3,00;3,79;6,17;6,20;NaN;-1,00;0,75;1,54;1,55;0,73;-0,65;-0,65;
1.10.2015 18:30;000,4;000,2;;;;;21831;1789269;6132;213947;52;206;0;0;0;0;0;0;0;;0,00;0,50;1,50;8,00;6,75;8,00;13395,00;12275,00;13451,00;0,61;0,57;0,62;;8,00;6,75;8,25;0,00;nan;1,35;2,25;23,00;nan;23,41;23,41;NaN;0,56;5,75;5,85;5,85;-0,70;0,10;0,10;
1.10.2015 18:45;001,0;000,0;;;;;21831;1789269;6132;213947;52;206;0;0;0;0;0;0;0;;0,75;0,50;0,75;0,00;0,00;0,00;13438,00;12237,00;13454,00;0,06;0,05;0,06;;0,75;0,50;0,75;0,00;0,00;0,00;2,25;0,00;0,00;2,36;2,37;0,73;0,56;0,00;0,59;0,59;1,00;0,95;0,95;
1.10.2015 19:00;000,9;000,0;;;;;21831;1789269;6132;213947;52;206;0;0;0;0;0;0;0;;0,75;0,50;0,75;0,00;0,00;0,00;13361,00;12198,00;13402,00;0,06;0,05;0,06;;0,75;0,50;0,75;0,00;0,00;0,00;2,25;0,00;0,00;2,35;2,36;0,70;0,56;0,00;0,59;0,59;1,00;0,96;0,96;
1.10.2015 19:15;000,9;000,0;;;;;21831;1789269;6132;213947;52;206;0;0;0;0;0;0;0;;0,50;0,50;0,75;0,00;0,00;0,00;13356,00;12202,00;13393,00;0,05;0,05;0,06;;0,50;0,50;0,75;0,00;0,00;0,00;2,00;0,00;0,00;1,98;1,99;NaN;0,50;0,00;0,50;0,50;1,00;1,01;1,00;
1.10.2015 19:30;000,8;000,0;;;;;21832;1789269;6132;213947;52;206;0;0;0;0;0;0;0;;0,50;0,50;0,75;0,00;0,00;0,00;13381,00;12199,00;13402,00;0,05;0,05;0,06;;0,50;0,50;0,75;0,00;0,00;0,00;2,00;0,00;0,00;1,99;1,99;NaN;0,50;0,00;0,50;0,50;1,00;1,01;1,00;
1.10.2015 19:45;000,8;000,0;;;;;21832;1789269;6132;213947;52;206;0;0;0;0;0;0;0;;0,50;0,50;0,75;0,00;0,00;0,00;13394,00;12207,00;13390,00;0,05;0,05;0,06;;0,50;0,50;0,75;0,00;0,00;0,00;2,00;0,00;0,00;1,99;1,99;NaN;0,50;0,00;0,50;0,50;1,00;1,01;1,00;
1.10.2015 20:00;000,7;000,0;;;;;21832;1789269;6132;213947;52;206;0;0;0;0;0;0;0;;0,50;0,25;0,75;0,00;0,00;0,00;13432,00;12241,00;13417,00;0,04;0,03;0,06;;0,50;0,25;0,75;0,00;0,00;0,00;1,50;0,00;0,00;1,74;1,77;0,95;0,38;0,00;0,44;0,44;1,00;0,86;0,85;
1.10.2015 20:15;000,7;000,0;;;;;21832;1789269;6132;213947;52;206;0;0;0;0;0;0;0;;0,50;0,25;0,50;0,00;0,00;0,00;13445,00;12202,00;13408,00;0,04;0,02;0,04;;0,50;0,25;0,50;0,00;0,00;0,00;1,25;0,00;0,00;1,35;1,36;0,54;0,31;0,00;0,34;0,34;1,00;0,93;0,92;
1.10.2015 20:30;000,5;000,0;;;;;21832;1789269;6132;213947;52;206;0;0;0;0;0;0;0;;0,50;0,25;0,50;0,00;0,00;0,00;13420,00;12213,00;13417,00;0,04;0,02;0,04;;0,50;0,25;0,50;0,00;0,00;0,00;1,25;0,00;0,00;1,35;1,36;0,54;0,31;0,00;0,34;0,34;1,00;0,93;0,92;
1.10.2015 20:45;000,5;000,0;;;;;21832;1789269;6132;213947;52;206;0;0;0;0;0;0;0;;0,50;0,25;0,50;0,00;0,00;0,00;13419,00;12156,00;13405,00;0,04;0,02;0,04;;0,50;0,25;0,50;0,00;0,00;0,00;1,25;0,00;0,00;1,31;1,34;0,47;0,31;0,00;0,33;0,33;1,00;0,95;0,94;
1.10.2015 21:00;000,6;000,0;;;;;21833;1789269;6132;213947;52;206;0;0;0;0;0;0;0;;0,50;0,25;0,50;0,00;0,00;0,00;13445,00;12233,00;13438,00;0,04;0,02;0,04;;0,50;0,25;0,50;0,00;0,00;0,00;1,25;0,00;0,00;1,32;1,34;0,48;0,31;0,00;0,33;0,33;1,00;0,95;0,93;
1.10.2015 21:15;000,5;000,0;;;;;21833;1789269;6132;213947;52;206;0;0;0;0;0;0;0;;0,50;0,25;0,50;0,00;0,00;0,00;13495,00;12264,00;13475,00;0,04;0,02;0,04;;0,50;0,25;0,50;0,00;0,00;0,00;1,25;0,00;0,00;1,32;1,34;0,49;0,31;0,00;0,33;0,34;1,00;0,95;0,93;
1.10.2015 21:30;000,5;000,0;;;;;21833;1789269;6132;213947;52;206;0;0;0;0;0;0;0;;0,50;0,25;0,50;0,00;0,00;0,00;13433,00;12237,00;13455,00;0,04;0,02;0,04;;0,50;0,25;0,50;0,00;0,00;0,00;1,25;0,00;0,00;1,32;1,34;0,48;0,31;0,00;0,33;0,34;1,00;0,95;0,93;
1.10.2015 21:45;000,5;000,0;;;;;21833;1789269;6132;213947;52;206;0;0;0;0;0;0;0;;0,50;0,25;0,50;0,00;0,00;0,00;13495,00;12244,00;13456,00;0,04;0,02;0,04;;0,50;0,25;0,50;0,00;0,00;0,00;1,25;0,00;0,00;1,32;1,34;0,49;0,31;0,00;0,33;0,34;1,00;0,95;0,93;
1.10.2015 22:00;000,5;000,0;;;;;21833;1789269;6132;213947;52;206;0;0;0;0;0;0;0;;0,25;0,25;0,25;0,00;0,00;0,00;13467,00;12246,00;13446,00;0,03;0,02;0,04;;0,25;0,25;0,50;0,00;0,00;0,43;1,00;0,00;0,43;1,22;1,23;0,58;0,25;0,00;0,30;0,31;1,00;0,82;0,81;
1.10.2015 22:15;000,5;000,0;;;;;21833;1789269;6132;213947;52;206;0;0;0;0;0;0;0;;0,25;0,25;0,50;0,00;0,00;0,00;13484,00;12284,00;13484,00;0,03;0,02;0,04;;0,25;0,25;0,50;0,00;0,00;0,00;1,00;0,00;0,00;1,22;1,24;0,73;0,25;0,00;0,31;0,31;1,00;0,82;0,81;
1.10.2015 22:30;000,5;000,0;;;;;21833;1789269;6132;213947;52;206;0;0;0;0;0;0;0;;0,25;0,25;0,25;0,00;0,00;0,00;13536,00;12230,00;13450,00;0,03;0,02;0,04;;0,25;0,25;0,50;0,00;0,00;0,43;1,00;0,00;0,43;1,22;1,23;0,58;0,25;0,00;0,30;0,31;1,00;0,82;0,81;
1.10.2015 22:45;000,5;000,0;;;;;21833;1789269;6132;213947;52;206;0;0;0;0;0;0;0;;0,25;0,25;0,50;0,00;0,00;0,00;13518,00;12273,00;13471,00;0,03;0,02;0,04;;0,25;0,25;0,50;0,00;0,00;0,00;1,00;0,00;0,00;1,22;1,24;0,73;0,25;0,00;0,31;0,31;1,00;0,82;0,81;
1.10.2015 23:00;000,4;000,0;;;;;21834;1789269;6132;213947;52;206;0;0;0;0;0;0;0;;0,25;0,25;0,50;0,00;0,00;0,00;13552,00;12319,00;13517,00;0,03;0,02;0,04;;0,25;0,25;0,50;0,00;0,00;0,00;1,00;0,00;0,00;1,26;1,28;0,80;0,25;0,00;0,31;0,32;1,00;0,79;0,78;
1.10.2015 23:15;000,5;000,0;;;;;21834;1789269;6132;213947;52;206;0;0;0;0;0;0;0;;0,25;0,25;0,50;0,00;0,00;0,00;13540,00;12297,00;13498,00;0,03;0,02;0,04;;0,25;0,25;0,50;0,00;0,00;0,00;1,00;0,00;0,00;1,26;1,28;0,80;0,25;0,00;0,31;0,32;1,00;0,80;0,78;
1.10.2015 23:30;000,5;000,0;;;;;21834;1789269;6132;213947;52;206;0;0;0;0;0;0;0;;0,25;0,25;0,50;0,00;0,00;0,00;13580,00;12303,00;13508,00;0,03;0,02;0,04;;0,25;0,25;0,50;0,00;0,00;0,00;1,00;0,00;0,00;1,26;1,28;0,80;0,25;0,00;0,31;0,32;1,00;0,79;0,78;
1.10.2015 23:45;000,5;000,0;;;;;21834;1789269;6132;213947;52;206;0;0;0;0;0;0;0;;0,25;0,25;0,50;0,00;0,00;0,00;13577,00;12328,00;13503,00;0,03;0,02;0,04;;0,25;0,25;0,50;0,00;0,00;0,00;1,00;0,00;0,00;1,26;1,28;0,80;0,25;0,00;0,31;0,32;1,00;0,79;0,78;
2.10.2015 00:00;000,5;000,0;;;;;21834;1789269;6132;213947;52;206;0;0;0;0;0;0;0;;0,25;0,25;0,50;0,00;0,00;0,00;13645,00;12350,00;13546,00;0,03;0,02;0,04;;0,25;0,25;0,50;0,00;0,00;0,00;1,00;0,00;0,00;1,26;1,29;0,81;0,25;0,00;0,32;0,32;1,00;0,79;0,78;
2.10.2015 00:15;000,5;000,0;;;;;21834;1789269;6132;213947;52;206;0;0;0;0;0;0;0;;0,25;0,25;0,50;0,00;0,00;0,00;13655,00;12425,00;13619,00;0,03;0,02;0,04;;0,25;0,25;0,50;0,00;0,00;0,00;1,00;0,00;0,00;1,27;1,29;0,82;0,25;0,00;0,32;0,32;1,00;0,79;0,78;
2.10.2015 00:30;000,4;000,0;;;;;21834;1789269;6132;213947;52;206;0;0;0;0;0;0;0;;0,25;0,25;0,50;0,00;0,00;0,00;13586,00;12412,00;13568,00;0,03;0,02;0,04;;0,25;0,25;0,50;0,00;0,00;0,00;1,00;0,00;0,00;1,23;1,25;0,74;0,25;0,00;0,31;0,31;1,00;0,81;0,80;
2.10.2015 00:45;000,5;000,0;;;;;21834;1789269;6132;213947;52;206;0;0;0;0;0;0;0;;0,25;0,25;0,50;0,00;0,00;0,00;13639,00;12389,00;13579,00;0,03;0,02;0,04;;0,25;0,25;0,50;0,00;0,00;0,00;1,00;0,00;0,00;1,27;1,29;0,81;0,25;0,00;0,32;0,32;1,00;0,79;0,78;
2.10.2015 01:00;000,5;000,0;;;;;21834;1789269;6132;213947;52;206;0;0;0;0;0;0;0;;0,25;0,25;0,50;0,00;0,00;0,00;13605,00;12358,00;13541,00;0,03;0,02;0,04;;0,25;0,25;0,50;0,00;0,00;0,00;1,00;0,00;0,00;1,26;1,28;0,81;0,25;0,00;0,32;0,32;1,00;0,79;0,78;
2.10.2015 01:15;000,5;000,0;;;;;21835;1789269;6132;213947;52;206;0;0;0;0;0;0;0;;0,25;0,25;0,50;0,00;0,00;0,00;13664,00;12427,00;13594,00;0,03;0,02;0,04;;0,25;0,25;0,50;0,00;0,00;0,00;1,00;0,00;0,00;1,27;1,29;0,81;0,25;0,00;0,32;0,32;1,00;0,79;0,78;
2.10.2015 01:30;000,5;000,0;;;;;21835;1789269;6132;213947;52;206;0;0;0;0;0;0;0;;0,25;0,25;0,50;0,00;0,00;0,00;13653,00;12417,00;13582,00;0,03;0,02;0,04;;0,25;0,25;0,50;0,00;0,00;0,00;1,00;0,00;0,00;1,27;1,29;0,81;0,25;0,00;0,32;0,32;1,00;0,79;0,78;
2.10.2015 01:45;000,5;000,0;;;;;21835;1789269;6132;213947;52;206;0;0;0;0;0;0;0;;0,25;0,25;0,50;0,00;0,00;0,00;13619,00;12401,00;13490,00;0,03;0,02;0,04;;0,25;0,25;0,50;0,00;0,00;0,00;1,00;0,00;0,00;1,23;1,24;0,74;0,25;0,00;0,31;0,31;1,00;0,81;0,80;
2.10.2015 02:00;000,5;000,0;;;;;21835;1789269;6132;213947;52;206;0;0;0;0;0;0;0;;0,25;0,25;0,50;0,00;0,00;0,00;13629,00;12420,00;13578,00;0,03;0,02;0,04;;0,25;0,25;0,50;0,00;0,00;0,00;1,00;0,00;0,00;1,27;1,29;0,81;0,25;0,00;0,32;0,32;1,00;0,79;0,78;
2.10.2015 02:15;000,5;000,0;;;;;21835;1789269;6132;213947;52;206;0;0;0;0;0;0;0;;0,25;0,25;0,50;0,00;0,00;0,00;13612,00;12401,00;13570,00;0,03;0,02;0,04;;0,25;0,25;0,50;0,00;0,00;0,00;1,00;0,00;0,00;1,26;1,29;0,81;0,25;0,00;0,32;0,32;1,00;0,79;0,78;
2.10.2015 02:30;000,5;000,0;;;;;21835;1789269;6132;213947;52;206;0;0;0;0;0;0;0;;0,25;0,25;0,50;0,00;0,00;0,00;13664,00;12419,00;13608,00;0,03;0,02;0,04;;0,25;0,25;0,50;0,00;0,00;0,00;1,00;0,00;0,00;1,27;1,29;0,81;0,25;0,00;0,32;0,32;1,00;0,79;0,78;
2.10.2015 02:45;000,4;000,0;;;;;21835;1789269;6132;213947;52;206;0;0;0;0;0;0;0;;0,25;0,25;0,50;0,00;0,00;0,00;13584,00;12405,00;13559,00;0,03;0,02;0,04;;0,25;0,25;0,50;0,00;0,00;0,00;1,00;0,00;0,00;1,26;1,29;0,81;0,25;0,00;0,32;0,32;1,00;0,79;0,78;
2.10.2015 03:00;000,7;000,0;;;;;21836;1789269;6132;213947;52;206;0;0;0;0;0;0;0;;0,25;0,25;0,50;0,00;0,00;0,00;13623,00;12395,00;13564,00;0,03;0,02;0,04;;0,25;0,25;0,50;0,00;0,00;0,00;1,00;0,00;0,00;1,26;1,29;0,81;0,25;0,00;0,32;0,32;1,00;0,79;0,78;
2.10.2015 03:15;000,5;000,0;;;;;21836;1789269;6132;213947;52;206;0;0;0;0;0;0;0;;0,25;0,25;0,50;0,00;0,00;0,00;13602,00;12404,00;13569,00;0,03;0,02;0,04;;0,25;0,25;0,50;0,00;0,00;0,00;1,00;0,00;0,00;1,26;1,29;0,81;0,25;0,00;0,32;0,32;1,00;0,79;0,78;
2.10.2015 03:30;000,7;000,0;;;;;21836;1789269;6132;213947;52;206;0;0;0;0;0;0;0;;0,25;0,25;0,50;0,00;0,00;0,00;13669,00;12434,00;13611,00;0,03;0,02;0,04;;0,25;0,25;0,50;0,00;0,00;0,00;1,00;0,00;0,00;1,27;1,29;0,82;0,25;0,00;0,32;0,32;1,00;0,79;0,77;
2.10.2015 03:45;000,5;000,0;;;;;21836;1789269;6132;213947;52;206;0;0;0;0;0;0;0;;0,25;0,25;0,50;0,00;0,00;0,00;13626,00;12378,00;13589,00;0,03;0,02;0,04;;0,25;0,25;0,50;0,00;0,00;0,00;1,00;0,00;0,00;1,26;1,29;0,81;0,25;0,00;0,32;0,32;1,00;0,79;0,78;
2.10.2015 04:00;000,6;000,0;;;;;21836;1789269;6132;213947;52;206;0;0;0;0;0;0;0;;0,25;0,25;0,50;0,00;0,00;0,00;13656,00;12408,00;13592,00;0,03;0,02;0,04;;0,25;0,25;0,50;0,00;0,00;0,00;1,00;0,00;0,00;1,27;1,29;0,81;0,25;0,00;0,32;0,32;1,00;0,79;0,78;
2.10.2015 04:15;000,7;000,0;;;;;21836;1789269;6132;213947;52;206;0;0;0;0;0;0;0;;0,25;0,25;0,50;0,00;0,00;0,00;13659,00;12445,00;13606,00;0,03;0,02;0,04;;0,25;0,25;0,50;0,00;0,00;0,00;1,00;0,00;0,00;1,27;1,29;0,82;0,25;0,00;0,32;0,32;1,00;0,79;0,77;
2.10.2015 04:30;000,5;000,0;;;;;21836;1789269;6132;213947;52;206;0;0;0;0;0;0;0;;0,25;0,25;0,50;0,00;0,00;0,00;13611,00;12411,00;13578,00;0,03;0,02;0,04;;0,25;0,25;0,50;0,00;0,00;0,00;1,00;0,00;0,00;1,26;1,29;0,81;0,25;0,00;0,32;0,32;1,00;0,79;0,78;
2.10.2015 04:45;000,7;000,0;;;;;21837;1789269;6132;213947;52;206;0;0;0;0;0;0;0;;0,25;0,25;0,50;0,00;0,00;0,00;13539,00;12368,00;13538,00;0,03;0,02;0,04;;0,25;0,25;0,50;0,00;0,00;0,00;1,00;0,00;0,00;1,23;1,24;0,74;0,25;0,00;0,31;0,31;1,00;0,82;0,81;
2.10.2015 05:00;000,7;000,0;;;;;21837;1789269;6132;213947;52;206;0;0;0;0;0;0;0;;0,75;1,25;0,75;0,00;0,00;0,00;13491,00;12307,00;13504,00;0,07;0,12;0,07;;0,75;1,25;0,75;0,00;0,00;0,00;3,00;0,00;0,00;3,33;3,51;1,82;0,75;0,00;0,83;0,88;1,00;0,90;0,86;
2.10.2015 05:15;000,7;000,0;;;;;21837;1789269;6132;213947;52;206;0;0;0;0;0;0;0;;0,75;1,50;0,75;0,00;0,00;0,00;13459,00;12241,00;13394,00;0,07;0,12;0,07;;0,75;1,50;0,75;0,00;0,00;0,00;3,00;0,00;0,00;3,44;3,63;2,04;0,75;0,00;0,86;0,91;1,00;0,87;0,83;
2.10.2015 05:30;000,8;000,0;;;;;21837;1789269;6132;213947;52;206;0;0;0;0;0;0;0;;0,75;1,50;0,75;0,00;0,00;0,00;13525,00;12286,00;13434,00;0,07;0,12;0,07;;0,75;1,50;0,75;0,00;0,00;0,00;3,00;0,00;0,00;3,46;3,64;2,06;0,75;0,00;0,86;0,91;1,00;0,87;0,82;
2.10.2015 05:45;000,7;000,0;;;;;21837;1789269;6132;213947;52;206;0;0;0;0;0;0;0;;0,25;0,25;0,25;0,00;0,00;0,00;13449,00;12233,00;13376,00;0,03;0,02;0,04;;0,25;0,25;0,50;0,00;0,00;0,43;1,00;0,00;0,43;1,21;1,23;0,57;0,25;0,00;0,30;0,31;1,00;0,82;0,81;
2.10.2015 06:00;000,7;000,0;;;;;21837;1789269;6132;213947;52;206;0;0;0;0;0;0;0;;0,25;0,25;0,25;0,00;0,00;0,00;13454,00;12195,00;13337,00;0,03;0,02;0,04;;0,25;0,25;0,50;0,00;0,00;0,43;1,00;0,00;0,43;1,18;1,19;0,49;0,25;0,00;0,29;0,30;1,00;0,85;0,84;
2.10.2015 06:15;000,8;000,0;;;;;21838;1789269;6132;213947;52;206;0;0;0;0;0;0;0;;0,75;1,50;0,75;-0,50;0,00;0,00;13299,00;12092,00;13192,00;0,07;0,12;0,07;;0,75;1,50;0,75;nan;0,00;0,00;3,00;-0,50;nan;3,34;3,51;NaN;0,75;-0,12;0,83;0,88;0,99;0,90;0,85;
2.10.2015 06:30;000,9;000,0;;;;;21838;1789269;6132;213947;52;206;0;0;0;0;0;0;0;;0,25;0,25;0,25;0,00;0,00;0,00;13316,00;12093,00;13192,00;0,03;0,02;0,04;;0,25;0,25;0,50;0,00;0,00;0,43;1,00;0,00;0,43;1,17;1,18;0,46;0,25;0,00;0,29;0,30;1,00;0,86;0,85;
2.10.2015 06:45;000,5;000,0;;;;;21838;1789269;6133;213947;52;206;0;0;0;0;0;0;0;;-0,50;0,00;0,50;4,00;3,00;4,00;13269,00;12096,00;13175,00;0,32;0,27;0,32;;4,25;3,25;4,00;1,35;1,25;nan;-0,00;11,25;nan;11,76;11,77;NaN;-0,00;2,81;2,94;2,94;nan;-0,00;-0,00;
2.10.2015 07:00;000,0;000,6;;;;;21838;1789269;6133;213947;52;206;0;0;0;0;0;0;0;;-1,50;-1,50;-1,25;1,00;0,75;0,75;13318,00;12062,00;13160,00;0,17;0,17;0,14;;2,25;2,00;1,75;1,35;1,09;0,97;-4,75;2,75;3,40;6,16;6,20;NaN;-1,19;0,69;1,54;1,55;0,84;-0,77;-0,77;
2.10.2015 07:15;000,0;004,1;;;;;21838;1789270;6133;213947;52;206;0;0;0;0;0;0;0;;-5,00;-4,75;-4,75;1,00;1,00;1,00;13281,00;12028,00;13153,00;0,40;0,42;0,40;;5,25;5,00;5,25;1,25;1,20;2,00;-14,75;3,00;4,45;15,62;15,66;NaN;-3,69;0,75;3,91;3,92;0,98;-0,94;-0,94;
2.10.2015 07:30;000,0;009,0;;;;;21838;1789272;6133;213948;52;206;0;0;0;0;0;0;0;;-12,00;-11,00;-11,75;0,75;1,00;1,50;13341,00;12087,00;13218,00;0,91;0,93;0,90;;12,00;11,25;11,75;nan;2,14;nan;-34,75;3,50;nan;35,27;35,33;NaN;-8,69;0,88;8,82;8,83;0,99;-0,99;-0,98;
2.10.2015 07:45;000,0;020,5;;;;;21838;1789277;6133;213948;52;206;0;0;0;0;0;0;0;;-25,50;-23,25;-25,00;1,00;1,75;3,25;13313,00;12090,00;13242,00;1,92;1,93;1,92;;25,50;23,25;25,25;nan;nan;1,41;-74,00;6,00;nan;74,38;74,46;NaN;-18,50;1,50;18,59;18,62;1,00;-0,99;-0,99;
2.10.2015 08:00;000,0;032,2;;;;;21838;1789285;6133;213949;52;206;0;0;0;0;0;0;0;;-28,25;-25,50;-27,75;1,00;2,00;3,75;13387,00;12120,00;13287,00;2,12;2,13;2,12;;28,25;25,75;28,00;nan;2,97;nan;-81,75;6,75;nan;82,26;82,36;NaN;-20,44;1,69;20,57;20,59;1,00;-0,99;-0,99;
2.10.2015 08:15;000,0;049,4;;;;;21838;1789298;6133;213950;52;206;0;0;0;0;0;0;0;;-54,00;-49,00;-53,25;2,75;4,75;8,00;13365,00;12129,00;13292,00;4,05;4,06;4,06;;54,00;49,25;53,75;nan;1,41;nan;-156,25;16,00;nan;157,33;157,49;NaN;-39,06;4,00;39,33;39,37;0,99;-0,99;-0,99;
2.10.2015 08:30;000,0;061,8;;;;;21838;1789313;6133;213952;52;206;0;0;0;0;0;0;0;;-57,50;-52,75;-57,50;2,25;4,75;7,25;13300,00;12067,00;13256,00;4,34;4,40;4,39;;57,50;53,00;58,00;nan;1,97;2,28;-168,25;14,75;nan;169,07;169,27;NaN;-42,06;3,69;42,27;42,32;1,00;-1,00;-0,99;
2.10.2015 08:45;000,0;053,2;;;;;21838;1789327;6133;213953;52;206;0;0;0;0;0;0;0;;-51,50;-46,75;-51,00;2,75;4,50;7,50;13289,00;12083,00;13256,00;3,89;3,91;3,90;;51,75;47,00;51,50;4,27;1,79;nan;-149,50;15,00;nan;150,64;150,79;NaN;-37,38;3,75;37,66;37,70;0,99;-0,99;-0,99;
2.10.2015 09:00;000,0;071,1;;;;;21838;1789344;6133;213954;52;206;0;0;0;0;0;0;0;;-61,50;-55,75;-61,00;2,25;5,00;8,50;13290,00;12125,00;13279,00;4,63;4,63;4,64;;61,50;56,00;61,50;nan;1,71;nan;-178,50;16,00;nan;179,38;179,54;NaN;-44,62;4,00;44,85;44,89;1,00;-1,00;-0,99;
2.10.2015 09:15;000,0;064,7;;;;;21838;1789361;6133;213956;52;206;0;0;0;0;0;0;0;;-53,50;-48,75;-53,00;2,00;4,25;7,25;13259,00;12079,00;13276,00;4,04;4,05;4,05;;53,50;48,75;53,75;nan;nan;5,24;-155,50;13,50;nan;156,32;156,47;NaN;-38,88;3,38;39,08;39,12;1,00;-0,99;-0,99;
2.10.2015 09:30;000,0;063,5;;;;;21838;1789376;6133;213957;52;206;0;0;0;0;0;0;0;;-56,25;-51,00;-55,75;2,00;4,25;7,75;13245,00;12055,00;13244,00;4,26;4,26;4,26;;56,25;51,25;56,25;nan;2,74;nan;-163,00;14,50;nan;164,00;164,16;NaN;-40,75;3,62;41,00;41,04;1,00;-0,99;-0,99;
2.10.2015 09:45;000,0;108,2;;;;;21838;1789404;6133;213960;52;206;0;0;0;0;0;0;0;;-143,75;-129,75;-142,00;8,75;14,50;23,75;13324,00;12118,00;13316,00;10,82;10,78;10,83;;144,00;130,50;144,00;nan;nan;2,82;-415,75;47,25;nan;419,10;419,47;NaN;-103,94;11,81;104,78;104,87;0,99;-0,99;-0,99;
2.10.2015 10:00;000,0;183,1;;;;;21838;1789450;6133;213966;52;206;0;0;0;0;0;0;0;;-174,25;-157,75;-172,75;10,50;18,25;29,00;13382,00;12207,00;13378,00;13,06;13,01;13,10;;174,75;158,75;175,25;8,02;nan;5,39;-505,00;58,00;nan;508,86;509,27;NaN;-126,25;14,50;127,22;127,32;0,99;-0,99;-0,99;
2.10.2015 10:15;000,0;209,7;;;;;21838;1789502;6133;213972;52;206;0;0;0;0;0;0;0;;-184,50;-166,50;-182,25;12,25;20,00;31,75;13386,00;12179,00;13354,00;13,83;13,78;13,87;;185,00;167,75;185,00;5,89;4,22;1,37;-533,75;64,00;11,48;538,21;538,66;32,19;-133,44;16,00;134,55;134,66;0,99;-0,99;-0,99;
2.10.2015 10:30;000,0;222,8;;;;;21838;1789558;6133;213979;52;206;0;0;0;0;0;0;0;;-197,75;-178,75;-195,50;14,25;22,00;34,50;13430,00;12226,00;13421,00;14,78;14,74;14,81;;198,50;180,25;198,75;9,70;7,38;9,54;-572,50;71,00;26,63;577,54;578,04;24,93;-143,12;17,75;144,38;144,51;0,99;-0,99;-0,99;
2.10.2015 10:45;000,0;233,8;;;;;21838;1789617;6133;213986;52;206;0;0;0;0;0;0;0;;-205,75;-186,00;-203,50;15,00;23,75;36,50;13454,00;12279,00;13456,00;15,33;15,28;15,38;;206,25;187,50;206,75;nan;nan;1,03;-595,25;75,50;nan;600,83;601,31;NaN;-148,81;18,88;150,21;150,33;0,99;-0,99;-0,99;
2.10.2015 11:00;000,0;241,6;;;;;21838;1789677;6133;213994;52;206;0;0;0;0;0;0;0;;-211,75;-192,00;-209,75;16,50;25,00;37,75;13482,00;12311,00;13484,00;15,77;15,74;15,82;;212,50;193,75;213,25;6,78;7,08;7,45;-614,00;79,50;21,30;619,73;620,25;30,57;-153,50;19,88;154,93;155,06;0,99;-0,99;-0,99;
2.10.2015 11:15;000,0;248,8;;;;;21838;1789739;6133;214002;52;206;0;0;0;0;0;0;0;;-218,00;-197,00;-215,50;17,00;26,00;39,75;13482,00;12293,00;13481,00;16,23;16,17;16,26;;218,75;198,75;219,00;6,21;4,07;nan;-630,75;83,00;nan;636,82;637,35;NaN;-157,69;20,75;159,21;159,34;0,99;-0,99;-0,99;
2.10.2015 11:30;000,0;255,0;;;;;21838;1789803;6133;214010;52;206;0;0;0;0;0;0;0;;-222,25;-201,25;-220,00;18,25;27,25;41,00;13442,00;12285,00;13469,00;16,59;16,55;16,62;;223,00;203,25;223,75;0,94;8,15;nan;-643,75;86,50;nan;650,21;650,74;NaN;-160,94;21,62;162,55;162,69;0,99;-0,99;-0,99;
2.10.2015 11:45;000,0;260,6;;;;;21838;1789868;6133;214019;52;206;0;0;0;0;0;0;0;;-226,50;-204,75;-223,75;19,00;28,00;42,00;13456,00;12250,00;13436,00;16,90;16,88;16,96;;227,25;206,75;227,75;nan;6,24;6,48;-655,25;89,25;nan;662,06;662,64;NaN;-163,81;22,31;165,52;165,66;0,99;-0,99;-0,99;
2.10.2015 12:00;000,0;262,4;;;;;21838;1789934;6133;214028;52;206;0;0;0;0;0;0;0;;-226,00;-203,75;-223,25;18,75;27,50;42,25;13489,00;12267,00;13482,00;16,82;16,78;16,87;;226,75;205,75;227,25;nan;7,92;4,12;-653,50;88,50;nan;660,20;660,78;NaN;-163,38;22,12;165,05;165,20;0,99;-0,99;-0,99;
2.10.2015 12:15;000,0;263,5;;;;;21838;1790000;6133;214037;52;206;0;0;0;0;0;0;0;;-230,50;-208,50;-228,25;19,75;29,00;43,25;13470,00;12265,00;13478,00;17,19;17,18;17,24;;231,50;210,50;232,25;8,48;nan;nan;-667,50;92,25;nan;674,69;675,30;NaN;-166,88;23,06;168,67;168,83;0,99;-0,99;-0,99;
2.10.2015 12:30;000,0;267,2;;;;;21838;1790067;6133;214047;52;206;0;0;0;0;0;0;0;;-229,00;-207,50;-226,75;19,75;28,75;42,75;13454,00;12298,00;13489,00;17,09;17,05;17,11;;229,75;209,50;230,75;nan;2,73;1,56;-663,25;91,25;nan;670,24;670,80;NaN;-165,81;22,81;167,56;167,70;0,99;-0,99;-0,99;
2.10.2015 12:45;000,0;268,2;;;;;21838;1790134;6133;214056;52;206;0;0;0;0;0;0;0;;-232,25;-210,50;-229,75;20,25;29,25;43,75;13442,00;12283,00;13461,00;17,35;17,31;17,38;;233,25;212,50;234,00;7,45;nan;7,54;-672,75;93,25;nan;679,86;680,42;NaN;-168,19;23,31;169,96;170,10;0,99;-0,99;-0,99;
2.10.2015 13:00;000,0;267,0;;;;;21838;1790200;6133;214065;52;206;0;0;0;0;0;0;0;;-229,25;-207,50;-226,50;19,25;28,25;42,75;13505,00;12316,00;13511,00;17,04;17,00;17,07;;230,00;209,25;230,50;nan;nan;0,66;-663,25;90,50;nan;670,16;670,74;NaN;-165,81;22,62;167,54;167,68;0,99;-0,99;-0,99;
2.10.2015 13:15;000,0;266,2;;;;;21838;1790267;6133;214074;52;206;0;0;0;0;0;0;0;;-223,75;-203,25;-221,75;19,00;27,75;41,00;13446,00;12289,00;13477,00;16,71;16,70;16,75;;224,50;205,00;225,75;nan;nan;10,44;-649,00;88,00;nan;655,62;656,18;NaN;-162,25;22,00;163,90;164,04;0,99;-0,99;-0,99;
2.10.2015 13:30;000,0;259,3;;;;;21838;1790332;6133;214083;52;206;0;0;0;0;0;0;0;;-218,00;-197,25;-216,00;17,50;26,50;39,75;13447,00;12277,00;13476,00;16,27;16,23;16,30;;218,75;199,00;219,50;4,62;nan;nan;-631,25;84,00;nan;637,63;638,17;NaN;-157,81;21,00;159,41;159,54;0,99;-0,99;-0,99;
2.10.2015 13:45;000,0;255,3;;;;;21838;1790396;6133;214092;52;206;0;0;0;0;0;0;0;;-219,25;-198,25;-216,25;17,75;25,75;40,00;13502,00;12307,00;13501,00;16,30;16,25;16,30;;220,00;200,00;220,00;3,79;5,82;5,99;-634,00;83,75;15,61;640,04;640,59;33,81;-158,50;20,94;160,01;160,15;0,99;-0,99;-0,99;
2.10.2015 14:00;000,0;249,5;;;;;21838;1790458;6133;214100;52;206;0;0;0;0;0;0;0;;-212,75;-193,00;-210,50;16,75;25,00;38,00;13481,00;12317,00;13510,00;15,83;15,80;15,85;;213,25;194,50;214,00;nan;nan;6,46;-616,50;79,75;nan;622,21;622,74;NaN;-154,12;19,94;155,55;155,68;0,99;-0,99;-0,99;
2.10.2015 14:15;000,0;242,8;;;;;21838;1790519;6133;214108;52;206;0;0;0;0;0;0;0;;-206,00;-187,00;-204,25;15,50;23,75;36,00;13479,00;12327,00;13502,00;15,34;15,30;15,38;;206,75;188,50;207,50;8,33;nan;6,50;-597,50;75,50;nan;602,99;603,48;NaN;-149,38;18,88;150,75;150,87;0,99;-0,99;-0,99;
2.10.2015 14:30;000,0;234,0;;;;;21838;1790577;6133;214115;52;206;0;0;0;0;0;0;0;;-198,75;-179,75;-197,00;14,25;22,25;34,50;13513,00;12302,00;13516,00;14,77;14,74;14,81;;199,25;181,25;200,00;nan;6,81;0,87;-575,75;71,25;nan;581,12;581,64;NaN;-143,94;17,81;145,28;145,41;0,99;-0,99;-0,99;
2.10.2015 14:45;000,0;225,1;;;;;21838;1790633;6133;214122;52;206;0;0;0;0;0;0;0;;-192,00;-174,50;-190,75;13,75;21,25;32,75;13451,00;12302,00;13505,00;14,33;14,31;14,35;;192,50;176,00;193,75;1,79;8,61;9,00;-557,75;68,00;19,40;562,56;563,04;30,48;-139,44;17,00;140,64;140,76;0,99;-0,99;-0,99;
2.10.2015 15:00;000,0;217,6;;;;;21838;1790688;6133;214128;52;206;0;0;0;0;0;0;0;;-183,75;-167,00;-182,75;12,50;19,75;30,50;13468,00;12321,00;13527,00;13,69;13,67;13,71;;184,25;168,25;185,25;5,27;5,39;nan;-534,00;63,00;nan;538,26;538,72;NaN;-133,50;15,75;134,56;134,68;0,99;-0,99;-0,99;
2.10.2015 15:15;000,0;208,6;;;;;21838;1790740;6133;214134;52;206;0;0;0;0;0;0;0;;-174,25;-158,25;-173,25;11,25;18,50;28,50;13393,00;12239,00;13440,00;13,05;13,04;13,09;;174,75;159,50;175,75;6,92;7,41;7,76;-506,25;58,50;22,10;510,31;510,75;25,71;-126,56;14,62;127,58;127,69;0,99;-0,99;-0,99;
2.10.2015 15:30;000,0;196,0;;;;;21838;1790789;6133;214140;52;206;0;0;0;0;0;0;0;;-163,75;-149,25;-163,00;10,00;16,75;26,00;13368,00;12251,00;13442,00;12,28;12,26;12,30;;164,00;150,25;165,25;nan;4,35;7,91;-476,00;53,25;nan;479,62;480,02;NaN;-119,00;13,31;119,91;120,01;0,99;-0,99;-0,99;
2.10.2015 15:45;000,0;182,8;;;;;21838;1790834;6133;214145;52;206;0;0;0;0;0;0;0;;-150,50;-136,75;-150,00;8,75;15,00;23,00;13407,00;12205,00;13419,00;11,26;11,30;11,33;;151,00;137,75;152,00;8,61;7,04;8,66;-437,75;47,00;24,31;440,89;441,31;18,18;-109,44;11,75;110,22;110,33;0,99;-0,99;-0,99;
2.10.2015 16:00;000,0;166,9;;;;;21838;1790876;6133;214149;52;206;0;0;0;0;0;0;0;;-137,50;-124,50;-136,50;7,00;12,75;21,00;13437,00;12238,00;13448,00;10,26;10,25;10,28;;137,75;125,25;138,25;4,45;4,97;6,31;-398,75;41,00;15,74;401,55;401,91;24,58;-99,69;10,25;100,39;100,48;0,99;-0,99;-0,99;
2.10.2015 16:15;000,0;151,1;;;;;21838;1790914;6133;214153;52;206;0;0;0;0;0;0;0;;-123,00;-111,75;-122,00;6,25;11,00;18,50;13306,00;12167,00;13337,00;9,27;9,24;9,27;;123,25;112,50;123,50;4,74;6,87;5,10;-357,00;36,00;16,71;359,40;359,70;18,95;-89,25;9,00;89,85;89,92;0,99;-0,99;-0,99;
2.10.2015 16:30;000,0;133,2;;;;;21838;1790947;6133;214156;52;206;0;0;0;0;0;0;0;;-106,25;-96,50;-106,00;4,75;9,50;15,50;13422,00;12219,00;13421,00;7,94;7,94;7,99;;106,50;97,00;107,25;5,53;2,55;5,13;-309,00;30,00;13,21;310,89;311,16;16,36;-77,25;7,50;77,72;77,79;1,00;-0,99;-0,99;
2.10.2015 16:45;000,0;113,8;;;;;21838;1790975;6133;214159;52;206;0;0;0;0;0;0;0;;-88,75;-80,50;-88,75;3,50;8,25;13,00;13370,00;12199,00;13396,00;6,66;6,66;6,72;;89,00;81,00;89,75;5,67;3,56;3,08;-258,50;24,75;12,32;260,31;260,53;16,99;-64,62;6,19;65,08;65,13;1,00;-0,99;-0,99;
2.10.2015 17:00;000,0;093,2;;;;;21838;1790998;6133;214161;52;206;0;0;0;0;0;0;0;;-71,25;-65,00;-71,00;3,00;6,00;9,75;13361,00;12246,00;13413,00;5,34;5,35;5,36;;71,25;65,25;71,75;nan;nan;3,46;-207,50;19,00;nan;208,66;208,84;NaN;-51,88;4,75;52,16;52,21;1,00;-0,99;-0,99;
2.10.2015 17:15;000,0;072,7;;;;;21838;1791016;6133;214163;52;206;0;0;0;0;0;0;0;;-53,50;-48,75;-53,25;2,25;4,25;7,00;13391,00;12249,00;13446,00;4,00;4,02;4,00;;53,50;49,00;53,75;nan;2,52;2,12;-155,75;13,75;nan;156,63;156,78;NaN;-38,94;3,44;39,16;39,19;1,00;-0,99;-0,99;
2.10.2015 17:30;000,0;052,1;;;;;21838;1791029;6133;214164;52;206;0;0;0;0;0;0;0;;-35,75;-33,00;-35,75;1,50;3,00;4,75;13369,00;12232,00;13409,00;2,69;2,71;2,69;;36,00;33,00;36,00;3,96;nan;nan;-104,75;9,50;nan;105,34;105,45;NaN;-26,19;2,38;26,34;26,36;1,00;-0,99;-0,99;
2.10.2015 17:45;000,0;032,4;;;;;21838;1791037;6133;214165;52;206;0;0;0;0;0;0;0;;-19,50;-18,25;-19,50;1,00;1,50;2,25;13321,00;12171,00;13379,00;1,48;1,52;1,48;;19,75;18,50;19,75;2,97;2,63;2,18;-57,75;5,25;7,78;58,15;58,23;NaN;-14,44;1,31;14,54;14,56;1,00;-0,99;-0,99;
2.10.2015 18:00;000,0;015,3;;;;;21838;1791041;6133;214165;52;206;0;0;0;0;0;0;0;;-7,25;-7,00;-7,00;1,00;1,00;1,25;13421,00;12219,00;13438,00;0,57;0,59;0,56;;7,50;7,00;7,25;1,64;nan;1,41;-21,50;3,50;nan;22,31;22,37;NaN;-5,38;0,88;5,58;5,59;0,99;-0,96;-0,96;
2.10.2015 18:15;000,0;004,0;;;;;21838;1791042;6133;214166;52;206;0;0;0;0;0;0;0;;-0,50;-0,75;-0,25;1,00;0,75;0,75;13354,00;12279,00;13425,00;0,14;0,13;0,11;;1,75;1,50;1,50;1,35;1,06;1,27;-1,75;2,75;3,68;4,88;4,90;NaN;-0,44;0,69;1,22;1,22;-0,00;-0,36;-0,36;
2.10.2015 18:30;000,6;000,0;;;;;21838;1791042;6133;214166;52;206;0;0;0;0;0;0;0;;0,75;0,50;0,75;0,00;0,00;0,00;13343,00;12214,00;13391,00;0,06;0,05;0,06;;0,75;0,50;0,75;0,00;0,00;0,00;2,25;0,00;0,00;2,35;2,36;0,70;0,56;0,00;0,59;0,59;1,00;0,96;0,96;
2.10.2015 18:45;000,9;000,0;;;;;21838;1791042;6133;214166;52;206;0;0;0;0;0;0;0;;0,75;0,50;0,75;0,00;0,00;0,00;13259,00;12211,00;13358,00;0,06;0,05;0,06;;0,75;0,50;0,75;0,00;0,00;0,00;2,25;0,00;0,00;2,34;2,35;0,67;0,56;0,00;0,59;0,59;1,00;0,96;0,96;
2.10.2015 19:00;000,9;000,0;;;;;21839;1791042;6133;214166;52;206;0;0;0;0;0;0;0;;0,75;0,50;0,75;0,00;0,00;0,00;13315,00;12187,00;13353,00;0,06;0,05;0,06;;0,75;0,50;0,75;0,00;0,00;0,00;2,25;0,00;0,00;2,34;2,35;0,68;0,56;0,00;0,59;0,59;1,00;0,96;0,96;
2.10.2015 19:15;000,9;000,0;;;;;21839;1791042;6133;214166;52;206;0;0;0;0;0;0;0;;0,50;0,50;0,75;0,00;0,00;0,00;13333,00;12184,00;13365,00;0,05;0,05;0,06;;0,50;0,50;0,75;0,00;0,00;0,00;2,00;0,00;0,00;1,98;1,99;NaN;0,50;0,00;0,50;0,50;1,00;1,01;1,01;
2.10.2015 19:30;000,8;000,0;;;;;21839;1791042;6133;214166;52;206;0;0;0;0;0;0;0;;0,50;0,25;0,75;0,00;0,00;0,00;13366,00;12226,00;13394,00;0,04;0,03;0,06;;0,50;0,25;0,75;0,00;0,00;0,00;1,50;0,00;0,00;1,74;1,77;0,94;0,38;0,00;0,43;0,44;1,00;0,86;0,85;
2.10.2015 19:45;000,6;000,0;;;;;21839;1791042;6133;214166;52;206;0;0;0;0;0;0;0;;0,50;0,25;0,75;0,00;0,00;0,00;13377,00;12192,00;13387,00;0,04;0,03;0,06;;0,50;0,25;0,75;0,00;0,00;0,00;1,50;0,00;0,00;1,73;1,77;0,94;0,38;0,00;0,43;0,44;1,00;0,86;0,85;
2.10.2015 20:00;000,7;000,0;;;;;21839;1791042;6133;214166;52;206;0;0;0;0;0;0;0;;0,50;0,25;0,75;0,00;0,00;0,00;13401,00;12143,00;13361,00;0,04;0,03;0,06;;0,50;0,25;0,75;0,00;0,00;0,00;1,50;0,00;0,00;1,73;1,77;0,93;0,38;0,00;0,43;0,44;1,00;0,87;0,85;
2.10.2015 20:15;000,7;000,0;;;;;21840;1791042;6133;214166;52;206;0;0;0;0;0;0;0;;0,50;0,25;0,50;0,00;0,00;0,00;13401,00;12184,00;13388,00;0,04;0,02;0,04;;0,50;0,25;0,50;0,00;0,00;0,00;1,25;0,00;0,00;1,34;1,36;0,53;0,31;0,00;0,34;0,34;1,00;0,93;0,92;
2.10.2015 20:30;000,5;000,0;;;;;21840;1791042;6133;214166;52;206;0;0;0;0;0;0;0;;0,50;0,25;0,50;0,00;0,00;0,00;13398,00;12164,00;13357,00;0,04;0,02;0,04;;0,50;0,25;0,50;0,00;0,00;0,00;1,25;0,00;0,00;1,34;1,36;0,52;0,31;0,00;0,34;0,34;1,00;0,93;0,92;
2.10.2015 20:45;000,5;000,0;;;;;21840;1791042;6133;214166;52;206;0;0;0;0;0;0;0;;0,50;0,25;0,50;0,00;0,00;0,00;13383,00;12163,00;13351,00;0,04;0,02;0,04;;0,50;0,25;0,50;0,00;0,00;0,00;1,25;0,00;0,00;1,31;1,33;0,46;0,31;0,00;0,33;0,33;1,00;0,95;0,94;
2.10.2015 21:00;000,5;000,0;;;;;21840;1791042;6133;214166;52;206;0;0;0;0;0;0;0;;0,50;0,25;0,50;0,00;0,00;0,00;13420,00;12195,00;13387,00;0,04;0,02;0,04;;0,50;0,25;0,50;0,00;0,00;0,00;1,25;0,00;0,00;1,31;1,34;0,47;0,31;0,00;0,33;0,33;1,00;0,95;0,94;
2.10.2015 21:15;000,6;000,0;;;;;21840;1791042;6133;214166;52;206;0;0;0;0;0;0;0;;0,50;0,25;0,50;0,00;0,00;0,00;13395,00;12176,00;13370,00;0,04;0,02;0,04;;0,50;0,25;0,50;0,00;0,00;0,00;1,25;0,00;0,00;1,34;1,37;0,57;0,31;0,00;0,34;0,34;1,00;0,93;0,91;
2.10.2015 21:30;000,5;000,0;;;;;21840;1791042;6133;214166;52;206;0;0;0;0;0;0;0;;0,50;0,25;0,50;0,00;0,00;0,00;13404,00;12165,00;13350,00;0,04;0,02;0,04;;0,50;0,25;0,50;0,00;0,00;0,00;1,25;0,00;0,00;1,31;1,33;0,46;0,31;0,00;0,33;0,33;1,00;0,95;0,94;
2.10.2015 21:45;000,5;000,0;;;;;21840;1791042;6133;214166;52;206;0;0;0;0;0;0;0;;0,50;0,25;0,50;0,00;0,00;0,00;13446,00;12150,00;13395,00;0,04;0,02;0,04;;0,50;0,25;0,50;0,00;0,00;0,00;1,25;0,00;0,00;1,35;1,37;0,57;0,31;0,00;0,34;0,34;1,00;0,93;0,91;
2.10.2015 22:00;000,5;000,0;;;;;21840;1791042;6133;214166;52;206;0;0;0;0;0;0;0;;0,50;0,25;0,50;0,00;0,00;0,00;13483,00;12209,00;13406,00;0,04;0,02;0,04;;0,50;0,25;0,50;0,00;0,00;0,00;1,25;0,00;0,00;1,35;1,38;0,58;0,31;0,00;0,34;0,34;1,00;0,93;0,91;
2.10.2015 22:15;000,6;000,0;;;;;21841;1791042;6133;214166;52;206;0;0;0;0;0;0;0;;0,50;0,25;0,50;0,00;0,00;0,00;13444,00;12237,00;13405,00;0,04;0,02;0,04;;0,50;0,25;0,50;0,00;0,00;0,00;1,25;0,00;0,00;1,35;1,38;0,58;0,31;0,00;0,34;0,34;1,00;0,93;0,91;
2.10.2015 22:30;000,5;000,0;;;;;21841;1791042;6133;214166;52;206;0;0;0;0;0;0;0;;0,50;0,25;0,50;0,00;0,00;0,00;13446,00;12230,00;13402,00;0,04;0,02;0,04;;0,50;0,25;0,50;0,00;0,00;0,00;1,25;0,00;0,00;1,35;1,38;0,58;0,31;0,00;0,34;0,34;1,00;0,93;0,91;
2.10.2015 22:45;000,5;000,0;;;;;21841;1791042;6133;214166;52;206;0;0;0;0;0;0;0;;0,50;0,25;0,50;0,00;0,00;0,00;13432,00;12241,00;13405,00;0,04;0,02;0,04;;0,50;0,25;0,50;0,00;0,00;0,00;1,25;0,00;0,00;1,32;1,34;0,48;0,31;0,00;0,33;0,33;1,00;0,95;0,93;
2.10.2015 23:00;000,5;000,0;;;;;21841;1791042;6133;214166;52;206;0;0;0;0;0;0;0;;0,50;0,25;0,50;0,00;0,00;0,00;13408,00;12250,00;13396,00;0,04;0,02;0,04;;0,50;0,25;0,50;0,00;0,00;0,00;1,25;0,00;0,00;1,35;1,38;0,58;0,31;0,00;0,34;0,34;1,00;0,93;0,91;
2.10.2015 23:15;000,5;000,0;;;;;21841;1791042;6133;214166;52;206;0;0;0;0;0;0;0;;0,25;0,25;0,25;0,00;0,00;0,00;13443,00;12278,00;13425,00;0,03;0,02;0,04;;0,25;0,25;0,50;0,00;0,00;0,43;1,00;0,00;0,43;1,22;1,23;0,58;0,25;0,00;0,30;0,31;1,00;0,82;0,81;
2.10.2015 23:30;000,5;000,0;;;;;21841;1791042;6133;214166;52;206;0;0;0;0;0;0;0;;0,25;0,25;0,50;0,00;0,00;0,00;13497,00;12282,00;13419,00;0,03;0,02;0,04;;0,25;0,25;0,50;0,00;0,00;0,00;1,00;0,00;0,00;1,22;1,23;0,72;0,25;0,00;0,30;0,31;1,00;0,82;0,81;
2.10.2015 23:45;000,5;000,0;;;;;21841;1791042;6133;214166;52;206;0;0;0;0;0;0;0;;0,25;0,25;0,25;0,00;0,00;0,00;13473,00;12263,00;13403,00;0,03;0,02;0,04;;0,25;0,25;0,50;0,00;0,00;0,43;1,00;0,00;0,43;1,22;1,23;0,58;0,25;0,00;0,30;0,31;1,00;0,82;0,81;
3.10.2015 00:00;000,4;000,0;;;;;21841;1791042;6133;214166;52;206;0;0;0;0;0;0;0;;0,25;0,25;0,50;0,00;0,00;0,00;13467,00;12291,00;13438,00;0,03;0,02;0,04;;0,25;0,25;0,50;0,00;0,00;0,00;1,00;0,00;0,00;1,25;1,27;0,79;0,25;0,00;0,31;0,32;1,00;0,80;0,79;
3.10.2015 00:15;000,5;000,0;;;;;21842;1791042;6133;214166;52;206;0;0;0;0;0;0;0;;0,25;0,25;0,50;0,00;0,00;0,00;13512,00;12313,00;13452,00;0,03;0,02;0,04;;0,25;0,25;0,50;0,00;0,00;0,00;1,00;0,00;0,00;1,25;1,28;0,79;0,25;0,00;0,31;0,32;1,00;0,80;0,78;
3.10.2015 00:30;000,5;000,0;;;;;21842;1791042;6133;214166;52;206;0;0;0;0;0;0;0;;0,25;0,25;0,50;0,00;0,00;0,00;13561,00;12318,00;13474,00;0,03;0,02;0,04;;0,25;0,25;0,50;0,00;0,00;0,00;1,00;0,00;0,00;1,26;1,28;0,80;0,25;0,00;0,31;0,32;1,00;0,80;0,78;
3.10.2015 00:45;000,5;000,0;;;;;21842;1791042;6133;214166;52;206;0;0;0;0;0;0;0;;0,25;0,25;0,50;0,00;0,00;0,00;13558,00;12301,00;13448,00;0,03;0,02;0,04;;0,25;0,25;0,50;0,00;0,00;0,00;1,00;0,00;0,00;1,26;1,28;0,79;0,25;0,00;0,31;0,32;1,00;0,80;0,78;
3.10.2015 01:00;000,5;000,0;;;;;21842;1791042;6133;214166;52;206;0;0;0;0;0;0;0;;0,25;0,25;0,50;0,00;0,00;0,00;13556,00;12320,00;13471,00;0,03;0,02;0,04;;0,25;0,25;0,50;0,00;0,00;0,00;1,00;0,00;0,00;1,26;1,28;0,80;0,25;0,00;0,31;0,32;1,00;0,80;0,78;
3.10.2015 01:15;000,4;000,0;;;;;21842;1791042;6133;214166;52;206;0;0;0;0;0;0;0;;0,25;0,25;0,50;0,00;0,00;0,00;13565,00;12294,00;13460,00;0,03;0,02;0,04;;0,25;0,25;0,50;0,00;0,00;0,00;1,00;0,00;0,00;1,26;1,28;0,80;0,25;0,00;0,31;0,32;1,00;0,80;0,78;
3.10.2015 01:30;000,5;000,0;;;;;21842;1791042;6133;214166;52;206;0;0;0;0;0;0;0;;0,25;0,25;0,50;0,00;0,00;0,00;13564,00;12281,00;13450,00;0,03;0,02;0,04;;0,25;0,25;0,50;0,00;0,00;0,00;1,00;0,00;0,00;1,26;1,28;0,79;0,25;0,00;0,31;0,32;1,00;0,80;0,78;
3.10.2015 01:45;000,5;000,0;;;;;21842;1791042;6133;214166;52;206;0;0;0;0;0;0;0;;0,25;0,25;0,50;0,00;0,00;0,00;13564,00;12304,00;13476,00;0,03;0,02;0,04;;0,25;0,25;0,50;0,00;0,00;0,00;1,00;0,00;0,00;1,26;1,28;0,80;0,25;0,00;0,31;0,32;1,00;0,80;0,78;
3.10.2015 02:00;000,5;000,0;;;;;21842;1791042;6133;214166;52;206;0;0;0;0;0;0;0;;0,25;0,25;0,50;0,00;0,00;0,00;13597,00;12294,00;13471,00;0,03;0,02;0,04;;0,25;0,25;0,50;0,00;0,00;0,00;1,00;0,00;0,00;1,26;1,28;0,80;0,25;0,00;0,31;0,32;1,00;0,80;0,78;
3.10.2015 02:15;000,5;000,0;;;;;21843;1791042;6133;214166;52;206;0;0;0;0;0;0;0;;0,25;0,25;0,50;0,00;0,00;0,00;13566,00;12300,00;13477,00;0,03;0,02;0,04;;0,25;0,25;0,50;0,00;0,00;0,00;1,00;0,00;0,00;1,26;1,28;0,80;0,25;0,00;0,31;0,32;1,00;0,80;0,78;
3.10.2015 02:30;000,4;000,0;;;;;21843;1791042;6133;214166;52;206;0;0;0;0;0;0;0;;0,25;0,25;0,50;0,00;0,00;0,00;13547,00;12310,00;13462,00;0,03;0,02;0,04;;0,25;0,25;0,50;0,00;0,00;0,00;1,00;0,00;0,00;1,26;1,28;0,80;0,25;0,00;0,31;0,32;1,00;0,80;0,78;
3.10.2015 02:45;000,5;000,0;;;;;21843;1791042;6133;214166;52;206;0;0;0;0;0;0;0;;0,25;0,25;0,50;0,00;0,00;0,00;13575,00;12303,00;13477,00;0,03;0,02;0,04;;0,25;0,25;0,50;0,00;0,00;0,00;1,00;0,00;0,00;1,26;1,28;0,80;0,25;0,00;0,31;0,32;1,00;0,80;0,78;
3.10.2015 03:00;000,5;000,0;;;;;21843;1791042;6133;214166;52;206;0;0;0;0;0;0;0;;0,25;0,25;0,50;0,00;0,00;0,00;13558,00;12313,00;13481,00;0,03;0,02;0,04;;0,25;0,25;0,50;0,00;0,00;0,00;1,00;0,00;0,00;1,26;1,28;0,80;0,25;0,00;0,31;0,32;1,00;0,80;0,78;
3.10.2015 03:15;000,5;000,0;;;;;21843;1791042;6133;214166;52;206;0;0;0;0;0;0;0;;0,25;0,25;0,50;0,00;0,00;0,00;13592,00;12322,00;13487,00;0,03;0,02;0,04;;0,25;0,25;0,50;0,00;0,00;0,00;1,00;0,00;0,00;1,26;1,28;0,80;0,25;0,00;0,31;0,32;1,00;0,79;0,78;
3.10.2015 03:30;000,5;000,0;;;;;21843;1791042;6133;214166;52;206;0;0;0;0;0;0;0;;0,25;0,25;0,50;0,00;0,00;0,00;13578,00;12303,00;13472,00;0,03;0,02;0,04;;0,25;0,25;0,50;0,00;0,00;0,00;1,00;0,00;0,00;1,26;1,28;0,80;0,25;0,00;0,31;0,32;1,00;0,80;0,78;
3.10.2015 03:45;000,4;000,0;;;;;21843;1791042;6133;214166;52;206;0;0;0;0;0;0;0;;0,25;0,25;0,50;0,00;0,00;0,00;13542,00;12288,00;13445,00;0,03;0,02;0,04;;0,25;0,25;0,50;0,00;0,00;0,00;1,00;0,00;0,00;1,25;1,28;0,79;0,25;0,00;0,31;0,32;1,00;0,80;0,78;
3.10.2015 04:00;000,5;000,0;;;;;21843;1791042;6133;214166;52;206;0;0;0;0;0;0;0;;0,25;0,25;0,50;0,00;0,00;0,00;13553,00;12290,00;13446,00;0,03;0,02;0,04;;0,25;0,25;0,50;0,00;0,00;0,00;1,00;0,00;0,00;1,25;1,28;0,79;0,25;0,00;0,31;0,32;1,00;0,80;0,78;
3.10.2015 04:15;000,5;000,0;;;;;21843;1791042;6133;214166;52;206;0;0;0;0;0;0;0;;0,25;0,25;0,50;0,00;0,00;0,00;13564,00;12316,00;13477,00;0,03;0,02;0,04;;0,25;0,25;0,50;0,00;0,00;0,00;1,00;0,00;0,00;1,26;1,28;0,80;0,25;0,00;0,31;0,32;1,00;0,80;0,78;
3.10.2015 04:30;000,5;000,0;;;;;21844;1791042;6133;214166;52;206;0;0;0;0;0;0;0;;0,25;0,25;0,50;0,00;0,00;0,00;13490,00;12270,00;13448,00;0,03;0,02;0,04;;0,25;0,25;0,50;0,00;0,00;0,00;1,00;0,00;0,00;1,25;1,27;0,79;0,25;0,00;0,31;0,32;1,00;0,80;0,78;
3.10.2015 04:45;000,5;000,0;;;;;21844;1791042;6133;214166;52;206;0;0;0;0;0;0;0;;0,25;0,25;0,50;0,00;0,00;0,00;13559,00;12308,00;13467,00;0,03;0,02;0,04;;0,25;0,25;0,50;0,00;0,00;0,00;1,00;0,00;0,00;1,26;1,28;0,80;0,25;0,00;0,31;0,32;1,00;0,80;0,78;
3.10.2015 05:00;000,5;000,0;;;;;21844;1791042;6133;214166;52;206;0;0;0;0;0;0;0;;0,75;1,50;0,75;0,00;0,00;0,00;13571,00;12301,00;13464,00;0,07;0,12;0,07;;0,75;1,50;1,00;0,00;0,00;0,66;3,25;0,00;0,66;3,46;3,65;1,52;0,81;0,00;0,87;0,91;1,00;0,94;0,89;
3.10.2015 05:15;000,6;000,0;;;;;21844;1791042;6133;214166;52;206;0;0;0;0;0;0;0;;0,25;0,25;0,50;0,00;0,00;0,00;13657,00;12363,00;13533,00;0,03;0,02;0,04;;0,25;0,25;0,50;0,00;0,00;0,00;1,00;0,00;0,00;1,26;1,29;0,81;0,25;0,00;0,32;0,32;1,00;0,79;0,78;
3.10.2015 05:30;000,7;000,0;;;;;21844;1791042;6133;214166;52;206;0;0;0;0;0;0;0;;0,25;0,25;0,50;0,00;0,00;0,00;13645,00;12354,00;13513,00;0,03;0,02;0,04;;0,25;0,25;0,50;0,00;0,00;0,00;1,00;0,00;0,00;1,26;1,28;0,81;0,25;0,00;0,32;0,32;1,00;0,79;0,78;
3.10.2015 05:45;000,5;000,0;;;;;21844;1791042;6133;214166;52;206;0;0;0;0;0;0;0;;0,25;0,25;0,50;0,00;0,00;0,00;13648,00;12354,00;13521,00;0,03;0,02;0,04;;0,25;0,25;0,50;0,00;0,00;0,00;1,00;0,00;0,00;1,26;1,28;0,81;0,25;0,00;0,32;0,32;1,00;0,79;0,78;
3.10.2015 06:00;000,8;000,0;;;;;21845;1791042;6133;214166;52;206;0;0;0;0;0;0;0;;0,75;1,50;0,75;0,00;0,00;0,00;13559,00;12310,00;13457,00;0,07;0,12;0,07;;0,75;1,50;1,00;0,00;0,00;0,66;3,25;0,00;0,66;3,46;3,65;1,52;0,81;0,00;0,87;0,91;1,00;0,94;0,89;
3.10.2015 06:15;000,6;000,0;;;;;21845;1791042;6133;214166;52;206;0;0;0;0;0;0;0;;0,75;1,50;0,75;0,00;0,00;0,00;13567,00;12320,00;13462,00;0,07;0,12;0,07;;0,75;1,50;1,00;0,00;0,00;0,66;3,25;0,00;0,66;3,47;3,65;1,53;0,81;0,00;0,87;0,91;1,00;0,94;0,89;
3.10.2015 06:30;000,8;000,0;;;;;21845;1791042;6133;214166;52;206;0;0;0;0;0;0;0;;0,75;1,50;0,75;0,00;0,00;0,00;13549,00;12260,00;13422,00;0,07;0,12;0,07;;0,75;1,50;0,75;0,00;0,00;0,00;3,00;0,00;0,00;3,45;3,64;2,06;0,75;0,00;0,86;0,91;1,00;0,87;0,82;
3.10.2015 06:45;000,6;000,0;;;;;21845;1791042;6133;214166;52;206;0;0;0;0;0;0;0;;0,75;1,50;0,75;0,00;0,00;0,00;13543,00;12299,00;13428,00;0,07;0,12;0,07;;0,75;1,50;0,75;0,00;0,00;0,00;3,00;0,00;0,00;3,46;3,64;2,07;0,75;0,00;0,86;0,91;1,00;0,87;0,82;
3.10.2015 07:00;000,2;001,0;;;;;21845;1791042;6133;214166;52;206;0;0;0;0;0;0;0;;-1,75;-1,00;-1,50;0,00;0,75;1,25;13522,00;12274,00;13402,00;0,16;0,14;0,18;;2,00;1,50;2,25;0,97;0,83;1,12;-4,50;2,25;2,92;6,17;6,19;2,12;-1,12;0,56;1,54;1,55;0,88;-0,73;-0,73;
3.10.2015 07:15;000,0;004,6;;;;;21845;1791043;6133;214166;52;206;0;0;0;0;0;0;0;;-5,00;-4,00;-5,00;0,00;1,00;1,50;13588,00;12294,00;13441,00;0,40;0,37;0,41;;5,25;4,50;5,50;1,60;1,80;1,73;-14,25;2,50;5,14;15,43;15,43;1,59;-3,56;0,62;3,86;3,86;0,98;-0,92;-0,92;
3.10.2015 07:30;000,0;011,4;;;;;21845;1791046;6133;214166;52;206;0;0;0;0;0;0;0;;-15,75;-14,50;-15,75;0,75;1,25;2,00;13554,00;12273,00;13411,00;1,17;1,20;1,19;;15,75;14,75;15,75;nan;2,40;nan;-46,25;4,00;nan;46,67;46,74;NaN;-11,56;1,00;11,67;11,69;1,00;-0,99;-0,99;
3.10.2015 07:45;000,0;027,5;;;;;21845;1791053;6133;214167;52;206;0;0;0;0;0;0;0;;-30,25;-27,50;-29,75;1,00;2,00;3,75;13573,00;12283,00;13449,00;2,23;2,26;2,24;;30,25;27,75;30,00;nan;3,13;0,94;-87,75;7,00;nan;88,25;88,36;NaN;-21,94;1,75;22,06;22,09;1,00;-0,99;-0,99;
3.10.2015 08:00;000,0;045,1;;;;;21845;1791065;6133;214168;52;206;0;0;0;0;0;0;0;;-50,00;-45,25;-49,00;2,25;4,00;7,25;13570,00;12291,00;13442,00;3,69;3,70;3,70;;50,00;45,50;49,50;nan;2,59;nan;-144,25;13,75;nan;145,28;145,43;NaN;-36,06;3,44;36,32;36,36;1,00;-0,99;-0,99;
3.10.2015 08:15;000,0;058,4;;;;;21845;1791079;6133;214169;52;206;0;0;0;0;0;0;0;;-61,25;-55,50;-60,50;2,25;4,50;8,00;13605,00;12264,00;13481,00;4,51;4,55;4,54;;61,25;55,75;61,25;nan;2,75;5,23;-177,25;15,25;nan;178,30;178,51;NaN;-44,31;3,81;44,58;44,63;1,00;-0,99;-0,99;
3.10.2015 08:30;000,0;075,9;;;;;21845;1791098;6133;214171;52;206;0;0;0;0;0;0;0;;-64,50;-58,50;-63,75;2,75;4,75;8,50;13484,00;12206,00;13437,00;4,79;4,83;4,80;;64,50;58,75;64,50;nan;2,60;4,89;-187,00;16,25;nan;188,04;188,27;NaN;-46,75;4,06;47,01;47,07;1,00;-0,99;-0,99;
3.10.2015 08:45;000,0;073,3;;;;;21845;1791117;6133;214173;52;206;0;0;0;0;0;0;0;;-69,50;-63,25;-69,25;2,75;5,75;9,25;13527,00;12317,00;13525,00;5,15;5,17;5,18;;69,50;63,75;70,00;nan;5,52;4,34;-202,25;18,00;nan;203,43;203,63;NaN;-50,56;4,50;50,86;50,91;1,00;-0,99;-0,99;
3.10.2015 09:00;000,0;111,3;;;;;21845;1791145;6133;214176;52;206;0;0;0;0;0;0;0;;-123,75;-112,25;-123,25;6,00;11,75;18,25;13547,00;12313,00;13537,00;9,15;9,19;9,22;;124,00;113,00;124,75;5,09;5,56;6,24;-359,50;36,25;16,89;361,89;362,25;19,59;-89,88;9,06;90,47;90,56;0,99;-0,99;-0,99;
3.10.2015 09:15;000,0;146,7;;;;;21845;1791182;6133;214179;52;206;0;0;0;0;0;0;0;;-134,25;-121,50;-132,75;7,25;12,75;20,75;13527,00;12307,00;13509,00;9,94;9,93;9,97;;134,50;122,25;134,50;3,82;4,50;6,09;-388,75;41,25;14,42;391,41;391,77;21,13;-97,19;10,31;97,85;97,94;0,99;-0,99;-0,99;
3.10.2015 09:30;000,0;162,3;;;;;21845;1791222;6133;214184;52;206;0;0;0;0;0;0;0;;-155,25;-140,50;-153,75;10,00;16,25;25,75;13555,00;12303,00;13525,00;11,50;11,51;11,54;;155,75;141,50;156,00;7,45;4,24;5,82;-449,75;52,50;17,51;453,44;453,88;25,83;-112,44;13,12;113,36;113,47;0,99;-0,99;-0,99;
3.10.2015 09:45;000,0;166,4;;;;;21845;1791264;6133;214189;52;206;0;0;0;0;0;0;0;;-176,00;-158,75;-173,75;11,00;18,00;28,75;13563,00;12301,00;13508,00;13,00;12,99;13,05;;176,25;159,75;176,25;nan;nan;6,96;-508,50;57,75;nan;512,45;512,93;NaN;-127,12;14,44;128,11;128,23;0,99;-0,99;-0,99;
3.10.2015 10:00;000,0;200,4;;;;;21845;1791314;6133;214194;52;206;0;0;0;0;0;0;0;;-172,25;-155,50;-170,50;10,25;17,50;27,75;13593,00;12342,00;13566,00;12,70;12,68;12,75;;172,50;156,50;172,75;nan;2,40;1,50;-498,25;55,75;nan;502,16;502,62;NaN;-124,56;13,94;125,54;125,65;0,99;-0,99;-0,99;
3.10.2015 10:15;000,0;205,6;;;;;21845;1791365;6133;214200;52;206;0;0;0;0;0;0;0;;-181,50;-164,50;-179,75;12,00;19,00;29,50;13560,00;12348,00;13552,00;13,42;13,42;13,45;;182,00;165,50;182,25;6,14;nan;5,89;-526,00;60,75;nan;530,06;530,54;NaN;-131,50;15,19;132,52;132,64;0,99;-0,99;-0,99;
3.10.2015 10:30;000,0;218,3;;;;;21845;1791420;6133;214207;52;206;0;0;0;0;0;0;0;;-195,00;-175,00;-192,25;12,75;21,25;33,50;13632,00;12321,00;13530,00;14,35;14,32;14,43;;195,50;176,50;195,25;5,72;8,70;6,34;-562,50;67,50;20,76;567,32;567,86;32,65;-140,62;16,88;141,83;141,96;0,99;-0,99;-0,99;
3.10.2015 10:45;000,0;228,9;;;;;21845;1791477;6133;214214;52;206;0;0;0;0;0;0;0;;-200,50;-180,75;-198,00;14,00;22,50;34,75;13605,00;12333,00;13560,00;14,78;14,77;14,85;;201,00;182,00;201,25;2,18;nan;9,49;-579,50;71,50;nan;584,57;585,12;NaN;-144,88;17,88;146,14;146,28;0,99;-0,99;-0,99;
3.10.2015 11:00;000,0;235,1;;;;;21845;1791536;6133;214221;52;206;0;0;0;0;0;0;0;;-205,25;-185,50;-203,00;15,00;23,25;35,25;13623,00;12385,00;13600,00;15,11;15,11;15,17;;205,75;187,00;206,25;nan;4,26;9,35;-594,00;73,75;nan;599,30;599,84;NaN;-148,50;18,44;149,82;149,96;0,99;-0,99;-0,99;
3.10.2015 11:15;000,0;242,9;;;;;21845;1791597;6133;214229;52;206;0;0;0;0;0;0;0;;-212,75;-192,50;-210,75;16,50;24,75;37,25;13595,00;12363,00;13581,00;15,71;15,72;15,77;;213,50;194,25;214,00;6,89;8,02;nan;-616,50;78,75;nan;622,13;622,71;NaN;-154,12;19,69;155,53;155,68;0,99;-0,99;-0,99;
3.10.2015 11:30;000,0;246,1;;;;;21845;1791659;6133;214236;52;206;0;0;0;0;0;0;0;;-216,25;-195,50;-213,50;17,25;25,25;38,75;13584,00;12344,00;13539,00;15,99;15,97;16,04;;217,00;197,00;217,00;5,23;nan;2,28;-625,50;81,75;nan;631,50;632,07;NaN;-156,38;20,44;157,88;158,02;0,99;-0,99;-0,99;
3.10.2015 11:45;000,0;205,0;;;;;21845;1791710;6133;214243;52;206;0;0;0;0;0;0;0;;-224,25;-203,00;-221,75;18,75;26,75;41,00;13566,00;12344,00;13558,00;16,61;16,60;16,64;;225,25;204,75;225,50;9,90;nan;nan;-649,25;86,75;nan;655,75;656,35;NaN;-162,31;21,69;163,94;164,09;0,99;-0,99;-0,99;
3.10.2015 12:00;000,0;156,1;;;;;21845;1791748;6133;214247;52;206;0;0;0;0;0;0;0;;-107,00;-97,50;-107,00;4,75;9,75;15,25;13481,00;12302,00;13518,00;7,96;7,98;8,01;;107,25;98,00;108,00;5,57;1,64;nan;-311,75;30,00;nan;313,63;313,91;NaN;-77,94;7,50;78,41;78,48;1,00;-0,99;-0,99;
3.10.2015 12:15;000,0;195,8;;;;;21845;1791798;6133;214253;52;206;0;0;0;0;0;0;0;;-216,75;-196,50;-215,00;16,75;25,75;38,25;13628,00;12419,00;13642,00;15,97;15,97;16,01;;217,50;198,25;218,25;6,72;5,27;nan;-628,50;81,00;nan;634,42;634,99;NaN;-157,12;20,25;158,60;158,75;0,99;-0,99;-0,99;
3.10.2015 12:30;000,0;248,9;;;;;21845;1791860;6133;214261;52;206;0;0;0;0;0;0;0;;-211,00;-190,75;-209,00;15,75;24,25;37,00;13646,00;12410,00;13645,00;15,51;15,50;15,56;;211,50;192,25;212,25;nan;nan;0,25;-610,75;77,25;nan;616,39;616,96;NaN;-152,69;19,31;154,10;154,24;0,99;-0,99;-0,99;
3.10.2015 12:45;000,0;251,8;;;;;21845;1791923;6133;214269;52;206;0;0;0;0;0;0;0;;-227,50;-206,00;-224,75;18,50;27,75;41,50;13635,00;12433,00;13615,00;16,75;16,72;16,80;;228,25;207,75;228,50;nan;nan;nan;-658,25;88,00;nan;664,96;665,52;NaN;-164,56;22,00;166,24;166,38;0,99;-0,99;-0,99;
3.10.2015 13:00;000,0;255,4;;;;;21845;1791986;6133;214277;52;206;0;0;0;0;0;0;0;;-148,75;-135,00;-147,75;8,00;14,00;22,50;13686,00;12441,00;13649,00;10,90;10,92;10,96;;149,00;135,75;149,50;3,23;2,66;3,73;-431,75;45,00;9,62;434,72;435,13;28,55;-107,94;11,25;108,68;108,78;0,99;-0,99;-0,99;
3.10.2015 13:15;000,0;169,9;;;;;21845;1792028;6133;214282;52;206;0;0;0;0;0;0;0;;-61,25;-56,00;-61,50;2,50;5,25;8,25;13578,00;12315,00;13532,00;4,53;4,58;4,59;;61,50;56,25;62,00;4,94;0,71;nan;-179,00;16,25;nan;180,09;180,29;NaN;-44,75;4,06;45,02;45,07;1,00;-0,99;-0,99;
3.10.2015 13:30;000,0;176,8;;;;;21845;1792073;6133;214287;52;206;0;0;0;0;0;0;0;;-158,50;-143,50;-157,00;8,75;15,25;24,75;13665,00;12416,00;13642,00;11,63;11,63;11,67;;158,75;144,25;159,25;1,66;nan;9,95;-459,25;49,00;nan;462,59;463,02;NaN;-114,81;12,25;115,65;115,76;0,99;-0,99;-0,99;
3.10.2015 13:45;000,0;216,9;;;;;21845;1792128;6133;214294;52;206;0;0;0;0;0;0;0;;-214,00;-193,25;-211,75;16,00;24,75;37,50;13672,00;12437,00;13651,00;15,70;15,68;15,77;;214,50;195,00;215,25;nan;8,18;9,39;-619,25;78,50;nan;624,90;625,46;NaN;-154,81;19,62;156,23;156,36;0,99;-0,99;-0,99;
3.10.2015 14:00;000,0;234,6;;;;;21845;1792186;6133;214301;52;206;0;0;0;0;0;0;0;;-191,00;-173,50;-190,00;12,75;21,00;31,75;13652,00;12461,00;13669,00;14,04;14,04;14,10;;191,50;174,75;192,75;5,36;nan;6,67;-554,75;65,75;nan;559,33;559,81;NaN;-138,69;16,44;139,83;139,95;0,99;-0,99;-0,99;
3.10.2015 14:15;000,0;186,8;;;;;21845;1792233;6133;214306;52;206;0;0;0;0;0;0;0;;-193,00;-174,75;-191,00;13,00;20,50;32,25;13713,00;12480,00;13682,00;14,11;14,11;14,17;;193,25;176,00;193,75;nan;4,26;4,24;-558,75;65,75;nan;563,36;563,86;NaN;-139,69;16,44;140,84;140,97;0,99;-0,99;-0,99;
3.10.2015 14:30;000,0;201,2;;;;;21845;1792283;6133;214312;52;206;0;0;0;0;0;0;0;;-211,75;-192,00;-209,50;16,00;23,75;36,25;13716,00;12504,00;13717,00;15,49;15,49;15,52;;212,25;193,50;212,75;nan;3,77;7,63;-613,50;76,25;nan;619,04;619,59;NaN;-153,38;19,06;154,76;154,90;0,99;-0,99;-0,99;
3.10.2015 14:45;000,0;231,0;;;;;21845;1792341;6133;214319;52;206;0;0;0;0;0;0;0;;-184,50;-167,25;-183,00;12,25;19,50;30,50;13662,00;12459,00;13666,00;13,54;13,53;13,58;;185,00;168,50;185,50;5,89;6,28;nan;-535,00;62,25;nan;539,27;539,74;NaN;-133,75;15,56;134,82;134,94;0,99;-0,99;-0,99;
3.10.2015 15:00;000,0;216,9;;;;;21845;1792395;6133;214325;52;206;0;0;0;0;0;0;0;;-162,75;-148,00;-161,75;9,50;16,00;25,25;13669,00;12473,00;13677,00;11,94;11,94;11,99;;163,00;149,00;163,75;nan;6,40;3,67;-472,75;51,00;nan;476,12;476,54;NaN;-118,19;12,75;119,03;119,13;0,99;-0,99;-0,99;
3.10.2015 15:15;000,0;205,2;;;;;21845;1792446;6133;214331;52;206;0;0;0;0;0;0;0;;-166,00;-151,00;-165,00;10,00;16,50;25,75;13695,00;12506,00;13688,00;12,15;12,17;12,20;;166,25;152,00;167,00;nan;5,55;0,97;-482,25;52,25;nan;485,66;486,08;NaN;-120,56;13,06;121,41;121,52;0,99;-0,99;-0,99;
3.10.2015 15:30;000,0;186,5;;;;;21845;1792493;6133;214336;52;206;0;0;0;0;0;0;0;;-130,75;-119,25;-130,50;6,25;12,00;18,75;13671,00;12472,00;13667,00;9,59;9,62;9,65;;130,75;119,75;131,75;nan;nan;nan;-380,50;37,50;nan;383,03;383,39;NaN;-95,12;9,38;95,76;95,85;1,00;-0,99;-0,99;
3.10.2015 15:45;000,0;150,2;;;;;21845;1792530;6133;214340;52;206;0;0;0;0;0;0;0;;-121,50;-110,75;-121,25;5,75;10,75;17,25;13629,00;12445,00;13637,00;8,93;8,96;8,99;;121,50;111,50;122,50;nan;7,15;2,67;-353,75;34,00;nan;355,74;356,06;NaN;-88,44;8,50;88,94;89,02;1,00;-0,99;-0,99;
3.10.2015 16:00;000,0;062,5;;;;;21845;1792546;6133;214341;52;206;0;0;0;0;0;0;0;;-45,50;-41,50;-45,50;1,50;4,00;6,00;13503,00;12362,00;13505,00;3,38;3,38;3,41;;45,50;41,75;46,00;nan;2,19;3,12;-132,50;11,75;nan;133,44;133,55;NaN;-33,12;2,94;33,36;33,39;1,00;-0,99;-0,99;
3.10.2015 16:15;000,0;054,0;;;;;21845;1792559;6133;214343;52;206;0;0;0;0;0;0;0;;-42,25;-38,75;-42,25;1,75;3,50;5,50;13589,00;12385,00;13577,00;3,12;3,16;3,15;;42,25;39,00;42,75;nan;2,68;3,50;-123,75;10,75;nan;124,44;124,57;NaN;-30,94;2,69;31,11;31,14;1,00;-0,99;-0,99;
3.10.2015 16:30;000,0;043,3;;;;;21845;1792570;6133;214344;52;206;0;0;0;0;0;0;0;;-23,50;-21,50;-23,25;1,00;1,75;3,00;13542,00;12363,00;13552,00;1,74;1,76;1,74;;23,50;21,75;23,50;nan;2,78;1,64;-68,50;6,00;nan;68,83;68,92;NaN;-17,12;1,50;17,21;17,23;1,00;-1,00;-0,99;
3.10.2015 16:45;000,0;027,2;;;;;21845;1792576;6133;214344;52;206;0;0;0;0;0;0;0;;-23,75;-22,00;-23,75;1,00;1,75;3,00;13500,00;12373,00;13527,00;1,78;1,79;1,78;;24,00;22,00;24,00;3,31;nan;1,71;-69,75;6,00;nan;70,16;70,22;NaN;-17,44;1,50;17,54;17,56;1,00;-0,99;-0,99;
3.10.2015 17:00;000,0;044,3;;;;;21845;1792588;6133;214345;52;206;0;0;0;0;0;0;0;;-26,50;-24,25;-26,25;1,00;2,00;3,50;13560,00;12359,00;13554,00;1,96;1,97;1,96;;26,50;24,25;26,50;nan;nan;0,97;-77,00;6,75;nan;77,45;77,54;NaN;-19,25;1,69;19,36;19,38;1,00;-0,99;-0,99;
3.10.2015 17:15;000,0;026,7;;;;;21845;1792594;6133;214346;52;206;0;0;0;0;0;0;0;;-21,25;-19,50;-21,00;1,00;1,75;2,75;13516,00;12383,00;13572,00;1,58;1,60;1,58;;21,25;19,75;21,25;nan;2,60;1,73;-62,00;5,50;nan;62,45;62,52;NaN;-15,50;1,38;15,61;15,63;1,00;-0,99;-0,99;
3.10.2015 17:30;000,0;019,1;;;;;21845;1792599;6133;214346;52;206;0;0;0;0;0;0;0;;-10,00;-9,25;-10,00;1,00;1,00;1,50;13549,00;12376,00;13570,00;0,75;0,77;0,75;;10,00;9,50;10,00;nan;1,92;nan;-29,50;3,75;nan;29,96;30,01;NaN;-7,38;0,94;7,49;7,50;0,99;-0,98;-0,98;
3.10.2015 17:45;000,0;010,5;;;;;21845;1792602;6133;214347;52;206;0;0;0;0;0;0;0;;-9,75;-9,25;-9,50;1,00;1,00;1,50;13554,00;12371,00;13565,00;0,74;0,76;0,73;;10,00;9,25;9,75;1,98;nan;1,60;-28,75;3,75;nan;29,30;29,35;NaN;-7,19;0,94;7,33;7,34;0,99;-0,98;-0,98;
3.10.2015 18:00;000,0;007,8;;;;;21845;1792603;6133;214347;52;206;0;0;0;0;0;0;0;;-3,50;-3,50;-3,50;1,00;1,00;1,00;13588,00;12321,00;13518,00;0,29;0,31;0,29;;3,75;3,75;3,75;0,90;0,90;0,90;-10,75;3,25;2,70;11,75;11,78;2,31;-2,69;0,81;2,94;2,95;0,95;-0,92;-0,91;
3.10.2015 18:15;000,1;001,5;;;;;21845;1792604;6133;214347;52;206;0;0;0;0;0;0;0;;0,50;0,00;0,50;1,00;0,75;0,50;13543,00;12326,00;13499,00;0,13;0,12;0,11;;1,75;1,50;1,50;1,35;1,30;1,32;1,25;2,75;3,97;4,82;4,84;NaN;0,31;0,69;1,21;1,21;-0,59;0,26;0,26;
3.10.2015 18:30;000,8;000,0;;;;;21845;1792604;6134;214347;52;206;0;0;0;0;0;0;0;;0,75;0,50;0,75;0,00;0,00;0,00;13507,00;12378,00;13540,00;0,06;0,05;0,06;;0,75;0,50;0,75;0,00;0,00;0,00;2,00;0,00;0,00;2,24;2,25;1,02;0,50;0,00;0,56;0,56;1,00;0,89;0,89;
3.10.2015 18:45;000,9;000,0;;;;;21846;1792604;6134;214347;52;206;0;0;0;0;0;0;0;;0,75;0,50;0,75;0,00;0,00;0,00;13430,00;12346,00;13513,00;0,06;0,05;0,06;;0,75;0,50;0,75;0,00;0,00;0,00;2,00;0,00;0,00;2,23;2,24;1,00;0,50;0,00;0,56;0,56;1,00;0,90;0,89;
3.10.2015 19:00;000,8;000,0;;;;;21846;1792604;6134;214347;52;206;0;0;0;0;0;0;0;;0,75;0,50;0,75;0,00;0,00;0,00;13468,00;12305,00;13474,00;0,06;0,05;0,06;;0,75;0,50;0,75;0,00;0,00;0,00;2,00;0,00;0,00;2,23;2,24;1,00;0,50;0,00;0,56;0,56;1,00;0,90;0,89;
3.10.2015 19:15;000,9;000,0;;;;;21846;1792604;6134;214347;52;206;0;0;0;0;0;0;0;;0,50;0,50;0,75;0,00;0,00;0,00;13472,00;12303,00;13475,00;0,04;0,04;0,05;;0,50;0,50;0,75;0,00;0,00;0,00;1,75;0,00;0,00;1,83;1,85;0,60;0,44;0,00;0,46;0,46;1,00;0,95;0,95;
3.10.2015 19:30;000,7;000,0;;;;;21846;1792604;6134;214347;52;206;0;0;0;0;0;0;0;;0,50;0,50;0,75;0,00;0,00;0,00;13549,00;12336,00;13529,00;0,04;0,05;0,05;;0,50;0,50;0,75;0,00;0,00;0,00;1,75;0,00;0,00;1,87;1,89;0,71;0,44;0,00;0,47;0,47;1,00;0,93;0,93;
3.10.2015 19:45;000,8;000,0;;;;;21846;1792604;6134;214347;52;206;0;0;0;0;0;0;0;;0,50;0,50;0,75;0,00;0,00;0,00;13475,00;12330,00;13509,00;0,04;0,05;0,05;;0,50;0,50;0,75;0,00;0,00;0,00;1,75;0,00;0,00;1,87;1,88;0,70;0,44;0,00;0,47;0,47;1,00;0,94;0,93;
3.10.2015 20:00;000,7;000,0;;;;;21847;1792604;6134;214347;52;206;0;0;0;0;0;0;0;;0,50;0,50;0,75;0,00;0,00;0,00;13501,00;12288,00;13477,00;0,04;0,05;0,05;;0,50;0,50;0,75;0,00;0,00;0,00;1,75;0,00;0,00;1,86;1,88;0,69;0,44;0,00;0,47;0,47;1,00;0,94;0,93;
3.10.2015 20:15;000,8;000,0;;;;;21847;1792604;6134;214347;52;206;0;0;0;0;0;0;0;;0,50;0,50;0,75;0,00;0,00;0,00;13520,00;12265,00;13463,00;0,04;0,05;0,05;;0,50;0,50;0,75;0,00;0,00;0,00;1,75;0,00;0,00;1,86;1,88;0,69;0,44;0,00;0,47;0,47;1,00;0,94;0,93;
3.10.2015 20:30;000,7;000,0;;;;;21847;1792604;6134;214347;52;206;0;0;0;0;0;0;0;;0,25;0,25;0,50;0,00;0,00;0,00;13528,00;12302,00;13489,00;0,04;0,03;0,05;;0,50;0,25;0,50;0,43;0,00;0,00;1,50;0,00;0,43;1,55;1,59;0,29;0,38;0,00;0,39;0,40;1,00;0,97;0,94;
3.10.2015 20:45;000,6;000,0;;;;;21847;1792604;6134;214347;52;206;0;0;0;0;0;0;0;;0,25;0,25;0,50;0,00;0,00;0,00;13570,00;12287,00;13491,00;0,04;0,03;0,05;;0,50;0,25;0,50;0,43;0,00;0,00;1,50;0,00;0,43;1,62;1,66;0,55;0,38;0,00;0,40;0,41;1,00;0,93;0,91;
3.10.2015 21:00;000,6;000,0;;;;;21847;1792604;6134;214347;52;206;0;0;0;0;0;0;0;;0,25;0,25;0,50;0,00;0,00;0,00;13513,00;12347,00;13523,00;0,04;0,03;0,05;;0,50;0,25;0,50;0,43;0,00;0,00;1,50;0,00;0,43;1,62;1,66;0,57;0,38;0,00;0,41;0,42;1,00;0,93;0,90;
3.10.2015 21:15;000,6;000,0;;;;;21847;1792604;6134;214347;52;206;0;0;0;0;0;0;0;;0,25;0,25;0,50;0,00;0,00;0,00;13544,00;12300,00;13499,00;0,04;0,03;0,05;;0,50;0,25;0,50;0,43;0,00;0,00;1,50;0,00;0,43;1,62;1,66;0,56;0,38;0,00;0,40;0,42;1,00;0,93;0,90;
3.10.2015 21:30;000,6;000,0;;;;;21847;1792604;6134;214347;52;206;0;0;0;0;0;0;0;;0,25;0,25;0,50;0,00;0,00;0,00;13542,00;12320,00;13498,00;0,04;0,03;0,05;;0,50;0,25;0,50;0,43;0,00;0,00;1,50;0,00;0,43;1,55;1,59;0,30;0,38;0,00;0,39;0,40;1,00;0,97;0,94;
3.10.2015 21:45;000,7;000,0;;;;;21848;1792604;6134;214347;52;206;0;0;0;0;0;0;0;;0,25;0,25;0,50;0,00;0,00;0,00;13564,00;12327,00;13508,00;0,04;0,03;0,05;;0,50;0,25;0,50;0,43;0,00;0,00;1,50;0,00;0,43;1,62;1,66;0,57;0,38;0,00;0,41;0,42;1,00;0,93;0,90;
3.10.2015 22:00;000,6;000,0;;;;;21848;1792604;6134;214347;52;206;0;0;0;0;0;0;0;;0,25;0,25;0,50;0,00;0,00;0,00;13525,00;12324,00;13513,00;0,04;0,03;0,05;;0,50;0,25;0,50;0,43;0,00;0,00;1,50;0,00;0,43;1,59;1,63;0,48;0,38;0,00;0,40;0,41;1,00;0,95;0,92;
3.10.2015 22:15;000,5;000,0;;;;;21848;1792604;6134;214347;52;206;0;0;0;0;0;0;0;;0,25;0,25;0,25;0,00;0,00;0,00;13563,00;12320,00;13507,00;0,03;0,02;0,04;;0,25;0,25;0,50;0,00;0,00;0,43;1,00;0,00;0,43;1,22;1,24;0,59;0,25;0,00;0,31;0,31;1,00;0,82;0,81;
3.10.2015 22:30;000,5;000,0;;;;;21848;1792604;6134;214347;52;206;0;0;0;0;0;0;0;;0,25;0,25;0,25;0,00;0,00;0,00;13575,00;12302,00;13516,00;0,03;0,02;0,04;;0,25;0,25;0,50;0,00;0,00;0,43;1,00;0,00;0,43;1,22;1,24;0,59;0,25;0,00;0,31;0,31;1,00;0,82;0,81;
3.10.2015 22:45;000,5;000,0;;;;;21848;1792604;6134;214347;52;206;0;0;0;0;0;0;0;;0,25;0,25;0,50;0,00;0,00;0,00;13590,00;12357,00;13561,00;0,03;0,02;0,04;;0,25;0,25;0,50;0,00;0,00;0,00;1,00;0,00;0,00;1,23;1,24;0,74;0,25;0,00;0,31;0,31;1,00;0,81;0,80;
3.10.2015 23:00;000,5;000,0;;;;;21848;1792604;6134;214347;52;206;0;0;0;0;0;0;0;;0,25;0,25;0,50;0,00;0,00;0,00;13603,00;12371,00;13559,00;0,03;0,02;0,04;;0,25;0,25;0,50;0,00;0,00;0,00;1,00;0,00;0,00;1,23;1,24;0,74;0,25;0,00;0,31;0,31;1,00;0,81;0,80;
3.10.2015 23:15;000,4;000,0;;;;;21848;1792604;6134;214347;52;206;0;0;0;0;0;0;0;;0,25;0,25;0,50;0,00;0,00;0,00;13632,00;12405,00;13588,00;0,03;0,02;0,04;;0,25;0,25;0,50;0,00;0,00;0,00;1,00;0,00;0,00;1,23;1,25;0,75;0,25;0,00;0,31;0,31;1,00;0,81;0,80;
3.10.2015 23:30;000,5;000,0;;;;;21849;1792604;6134;214347;52;206;0;0;0;0;0;0;0;;0,25;0,25;0,50;0,00;0,00;0,00;13640,00;12390,00;13584,00;0,03;0,02;0,04;;0,25;0,25;0,50;0,00;0,00;0,00;1,00;0,00;0,00;1,23;1,25;0,75;0,25;0,00;0,31;0,31;1,00;0,81;0,80;
3.10.2015 23:45;000,5;000,0;;;;;21849;1792604;6134;214347;52;206;0;0;0;0;0;0;0;;0,25;0,25;0,50;0,00;0,00;0,00;13600,00;12374,00;13551,00;0,03;0,02;0,04;;0,25;0,25;0,50;0,00;0,00;0,00;1,00;0,00;0,00;1,23;1,24;0,74;0,25;0,00;0,31;0,31;1,00;0,81;0,80;
4.10.2015 00:00;000,5;000,0;;;;;21849;1792604;6134;214347;52;206;0;0;0;0;0;0;0;;0,25;0,25;0,50;0,00;0,00;0,00;13597,00;12415,00;13584,00;0,03;0,02;0,04;;0,25;0,25;0,50;0,00;0,00;0,00;1,00;0,00;0,00;1,23;1,25;0,74;0,25;0,00;0,31;0,31;1,00;0,81;0,80;
4.10.2015 00:15;000,5;000,0;;;;;21849;1792604;6134;214347;52;206;0;0;0;0;0;0;0;;0,25;0,25;0,50;0,00;0,00;0,00;13596,00;12412,00;13584,00;0,03;0,02;0,04;;0,25;0,25;0,50;0,00;0,00;0,00;1,00;0,00;0,00;1,23;1,25;0,74;0,25;0,00;0,31;0,31;1,00;0,81;0,80;
4.10.2015 00:30;000,4;000,0;;;;;21849;1792604;6134;214347;52;206;0;0;0;0;0;0;0;;0,25;0,25;0,50;0,00;0,00;0,00;13599,00;12385,00;13566,00;0,03;0,02;0,04;;0,25;0,25;0,50;0,00;0,00;0,00;1,00;0,00;0,00;1,23;1,25;0,74;0,25;0,00;0,31;0,31;1,00;0,81;0,80;
4.10.2015 00:45;000,5;000,0;;;;;21849;1792604;6134;214347;52;206;0;0;0;0;0;0;0;;0,25;0,25;0,50;0,00;0,00;0,00;13660,00;12374,00;13573,00;0,03;0,02;0,04;;0,25;0,25;0,50;0,00;0,00;0,00;1,00;0,00;0,00;1,23;1,25;0,75;0,25;0,00;0,31;0,31;1,00;0,81;0,80;
4.10.2015 01:00;000,5;000,0;;;;;21849;1792604;6134;214347;52;206;0;0;0;0;0;0;0;;0,25;0,25;0,50;0,00;0,00;0,00;13626,00;12388,00;13592,00;0,03;0,02;0,04;;0,25;0,25;0,50;0,00;0,00;0,00;1,00;0,00;0,00;1,23;1,25;0,75;0,25;0,00;0,31;0,31;1,00;0,81;0,80;
4.10.2015 01:15;000,5;000,0;;;;;21849;1792604;6134;214347;52;206;0;0;0;0;0;0;0;;0,25;0,25;0,50;0,00;0,00;0,00;13622,00;12410,00;13619,00;0,03;0,02;0,04;;0,25;0,25;0,50;0,00;0,00;0,00;1,00;0,00;0,00;1,27;1,29;0,81;0,25;0,00;0,32;0,32;1,00;0,79;0,78;
4.10.2015 01:30;000,5;000,0;;;;;21849;1792604;6134;214347;52;206;0;0;0;0;0;0;0;;0,25;0,25;0,50;0,00;0,00;0,00;13667,00;12409,00;13623,00;0,03;0,02;0,04;;0,25;0,25;0,50;0,00;0,00;0,00;1,00;0,00;0,00;1,23;1,25;0,75;0,25;0,00;0,31;0,31;1,00;0,81;0,80;
4.10.2015 01:45;000,5;000,0;;;;;21850;1792604;6134;214347;52;206;0;0;0;0;0;0;0;;0,25;0,25;0,50;0,00;0,00;0,00;13654,00;12395,00;13617,00;0,03;0,02;0,04;;0,25;0,25;0,50;0,00;0,00;0,00;1,00;0,00;0,00;1,27;1,29;0,81;0,25;0,00;0,32;0,32;1,00;0,79;0,78;
4.10.2015 02:00;000,4;000,0;;;;;21850;1792604;6134;214347;52;206;0;0;0;0;0;0;0;;0,25;0,25;0,50;0,00;0,00;0,00;13661,00;12413,00;13633,00;0,03;0,02;0,04;;0,25;0,25;0,50;0,00;0,00;0,00;1,00;0,00;0,00;1,23;1,25;0,75;0,25;0,00;0,31;0,31;1,00;0,81;0,80;
4.10.2015 02:15;000,5;000,0;;;;;21850;1792604;6134;214347;52;206;0;0;0;0;0;0;0;;0,25;0,25;0,50;0,00;0,00;0,00;13636,00;12398,00;13630,00;0,03;0,02;0,04;;0,25;0,25;0,50;0,00;0,00;0,00;1,00;0,00;0,00;1,23;1,25;0,75;0,25;0,00;0,31;0,31;1,00;0,81;0,80;
4.10.2015 02:30;000,5;000,0;;;;;21850;1792604;6134;214347;52;206;0;0;0;0;0;0;0;;0,25;0,25;0,50;0,00;0,00;0,00;13667,00;12406,00;13644,00;0,03;0,02;0,04;;0,25;0,25;0,50;0,00;0,00;0,00;1,00;0,00;0,00;1,27;1,29;0,82;0,25;0,00;0,32;0,32;1,00;0,79;0,77;
4.10.2015 02:45;000,5;000,0;;;;;21850;1792604;6134;214347;52;206;0;0;0;0;0;0;0;;0,25;0,25;0,50;0,00;0,00;0,00;13649,00;12410,00;13628,00;0,03;0,02;0,04;;0,25;0,25;0,50;0,00;0,00;0,00;1,00;0,00;0,00;1,23;1,25;0,75;0,25;0,00;0,31;0,31;1,00;0,81;0,80;
4.10.2015 03:00;000,5;000,0;;;;;21850;1792604;6134;214347;52;206;0;0;0;0;0;0;0;;0,25;0,25;0,50;0,00;0,00;0,00;13622,00;12384,00;13604,00;0,03;0,02;0,04;;0,25;0,25;0,50;0,00;0,00;0,00;1,00;0,00;0,00;1,23;1,25;0,75;0,25;0,00;0,31;0,31;1,00;0,81;0,80;
4.10.2015 03:15;000,5;000,0;;;;;21850;1792604;6134;214347;52;206;0;0;0;0;0;0;0;;0,25;0,25;0,50;0,00;0,00;0,00;13611,00;12409,00;13612,00;0,03;0,02;0,04;;0,25;0,25;0,50;0,00;0,00;0,00;1,00;0,00;0,00;1,23;1,25;0,75;0,25;0,00;0,31;0,31;1,00;0,81;0,80;
4.10.2015 03:30;000,4;000,0;;;;;21850;1792604;6134;214347;52;206;0;0;0;0;0;0;0;;0,25;0,25;0,50;0,00;0,00;0,00;13637,00;12419,00;13623,00;0,03;0,02;0,04;;0,25;0,25;0,50;0,00;0,00;0,00;1,00;0,00;0,00;1,23;1,25;0,75;0,25;0,00;0,31;0,31;1,00;0,81;0,80;
4.10.2015 03:45;000,5;000,0;;;;;21851;1792604;6134;214347;52;206;0;0;0;0;0;0;0;;0,25;0,25;0,50;0,00;0,00;0,00;13617,00;12413,00;13629,00;0,03;0,02;0,04;;0,25;0,25;0,50;0,00;0,00;0,00;1,00;0,00;0,00;1,23;1,25;0,75;0,25;0,00;0,31;0,31;1,00;0,81;0,80;
4.10.2015 04:00;000,5;000,0;;;;;21851;1792604;6134;214347;52;206;0;0;0;0;0;0;0;;0,25;0,25;0,50;0,00;0,00;0,00;13635,00;12419,00;13626,00;0,03;0,02;0,04;;0,25;0,25;0,50;0,00;0,00;0,00;1,00;0,00;0,00;1,23;1,25;0,75;0,25;0,00;0,31;0,31;1,00;0,81;0,80;
4.10.2015 04:15;000,5;000,0;;;;;21851;1792604;6134;214347;52;206;0;0;0;0;0;0;0;;0,25;0,25;0,50;0,00;0,00;0,00;13663,00;12408,00;13623,00;0,03;0,02;0,04;;0,25;0,25;0,50;0,00;0,00;0,00;1,00;0,00;0,00;1,23;1,25;0,75;0,25;0,00;0,31;0,31;1,00;0,81;0,80;
4.10.2015 04:30;000,5;000,0;;;;;21851;1792604;6134;214347;52;206;0;0;0;0;0;0;0;;0,25;0,25;0,50;0,00;0,00;0,00;13658,00;12421,00;13631,00;0,03;0,02;0,04;;0,25;0,25;0,50;0,00;0,00;0,00;1,00;0,00;0,00;1,23;1,25;0,75;0,25;0,00;0,31;0,31;1,00;0,81;0,80;
4.10.2015 04:45;000,5;000,0;;;;;21851;1792604;6134;214347;52;206;0;0;0;0;0;0;0;;0,25;0,25;0,50;0,00;0,00;0,00;13656,00;12415,00;13621,00;0,03;0,02;0,04;;0,25;0,25;0,50;0,00;0,00;0,00;1,00;0,00;0,00;1,27;1,29;0,81;0,25;0,00;0,32;0,32;1,00;0,79;0,78;
4.10.2015 05:00;000,5;000,0;;;;;21851;1792604;6134;214347;52;206;0;0;0;0;0;0;0;;0,25;0,25;0,50;0,00;0,00;0,00;13689,00;12406,00;13625,00;0,03;0,02;0,04;;0,25;0,25;0,50;0,00;0,00;0,00;1,00;0,00;0,00;1,27;1,29;0,82;0,25;0,00;0,32;0,32;1,00;0,79;0,77;
4.10.2015 05:15;000,5;000,0;;;;;21851;1792604;6134;214347;52;206;0;0;0;0;0;0;0;;0,25;0,25;0,50;0,00;0,00;0,00;13651,00;12449,00;13643,00;0,03;0,02;0,04;;0,25;0,25;0,50;0,00;0,00;0,00;1,00;0,00;0,00;1,27;1,29;0,82;0,25;0,00;0,32;0,32;1,00;0,79;0,77;
4.10.2015 05:30;000,4;000,0;;;;;21851;1792604;6134;214347;52;206;0;0;0;0;0;0;0;;0,25;0,25;0,50;0,00;0,00;0,00;13671,00;12439,00;13628,00;0,03;0,02;0,04;;0,25;0,25;0,50;0,00;0,00;0,00;1,00;0,00;0,00;1,27;1,29;0,82;0,25;0,00;0,32;0,32;1,00;0,79;0,77;
4.10.2015 05:45;000,5;000,0;;;;;21852;1792604;6134;214347;52;206;0;0;0;0;0;0;0;;0,25;0,25;0,50;0,00;0,00;0,00;13674,00;12444,00;13639,00;0,03;0,02;0,04;;0,25;0,25;0,50;0,00;0,00;0,00;1,00;0,00;0,00;1,27;1,29;0,82;0,25;0,00;0,32;0,32;1,00;0,79;0,77;
4.10.2015 06:00;000,5;000,0;;;;;21852;1792604;6134;214347;52;206;0;0;0;0;0;0;0;;0,25;0,25;0,50;0,00;0,00;0,00;13670,00;12439,00;13629,00;0,03;0,02;0,04;;0,25;0,25;0,50;0,00;0,00;0,00;1,00;0,00;0,00;1,27;1,29;0,82;0,25;0,00;0,32;0,32;1,00;0,79;0,77;
4.10.2015 06:15;000,5;000,0;;;;;21852;1792604;6134;214347;52;206;0;0;0;0;0;0;0;;0,25;0,25;0,50;0,00;0,00;0,00;13646,00;12403,00;13593,00;0,03;0,02;0,04;;0,25;0,25;0,50;0,00;0,00;0,00;1,00;0,00;0,00;1,27;1,29;0,81;0,25;0,00;0,32;0,32;1,00;0,79;0,78;
4.10.2015 06:30;000,5;000,0;;;;;21852;1792604;6134;214347;52;206;0;0;0;0;0;0;0;;0,25;0,25;0,50;0,00;0,00;0,00;13653,00;12429,00;13605,00;0,03;0,02;0,04;;0,25;0,25;0,50;0,00;0,00;0,00;1,00;0,00;0,00;1,27;1,29;0,81;0,25;0,00;0,32;0,32;1,00;0,79;0,78;
4.10.2015 06:45;000,4;000,0;;;;;21852;1792604;6134;214347;52;206;0;0;0;0;0;0;0;;-0,50;0,00;1,00;9,00;7,50;8,75;13677,00;12397,00;13581,00;0,67;0,61;0,65;;9,00;7,50;8,75;nan;0,00;nan;0,25;25,50;nan;25,69;25,69;NaN;0,06;6,38;6,42;6,42;0,10;0,01;0,01;
4.10.2015 07:00;000,1;000,9;;;;;21852;1792604;6134;214348;52;206;0;0;0;0;0;0;0;;-1,75;-1,75;-1,25;1,00;0,50;0,75;13664,00;12408,00;13569,00;0,16;0,16;0,13;;2,00;2,00;1,75;nan;0,83;0,97;-5,00;2,50;nan;6,03;6,08;NaN;-1,25;0,62;1,51;1,52;0,88;-0,83;-0,82;
4.10.2015 07:15;000,0;003,6;;;;;21852;1792605;6134;214349;52;206;0;0;0;0;0;0;0;;-4,75;-4,50;-4,50;1,00;0,75;1,00;13629,00;12382,00;13561,00;0,37;0,38;0,36;;4,75;4,75;4,75;nan;1,32;1,15;-13,75;3,00;nan;14,56;14,60;NaN;-3,44;0,75;3,64;3,65;0,98;-0,94;-0,94;
4.10.2015 07:30;000,0;009,7;;;;;21852;1792607;6134;214349;52;206;0;0;0;0;0;0;0;;-13,25;-12,25;-13,00;0,75;1,00;1,75;13634,00;12373,00;13572,00;0,98;1,01;0,99;;13,25;12,25;13,25;nan;nan;1,87;-38,75;3,75;nan;39,23;39,29;NaN;-9,69;0,94;9,81;9,82;1,00;-0,99;-0,99;
4.10.2015 07:45;000,0;022,9;;;;;21852;1792613;6134;214349;52;206;0;0;0;0;0;0;0;;-26,00;-24,00;-26,00;0,75;1,75;3,00;13600,00;12372,00;13571,00;1,93;1,95;1,93;;26,00;24,00;26,25;nan;nan;2,02;-76,25;6,00;nan;76,57;76,65;NaN;-19,06;1,50;19,14;19,16;1,00;-1,00;-0,99;
4.10.2015 08:00;000,0;037,8;;;;;21852;1792623;6134;214350;52;206;0;0;0;0;0;0;0;;-40,75;-37,25;-40,25;1,50;3,00;5,25;13607,00;12370,00;13593,00;3,01;3,03;3,00;;40,75;37,25;40,75;nan;nan;3,60;-118,50;10,00;nan;119,16;119,29;NaN;-29,62;2,50;29,79;29,82;1,00;-0,99;-0,99;
4.10.2015 08:15;000,0;050,4;;;;;21852;1792635;6134;214351;52;206;0;0;0;0;0;0;0;;-51,75;-47,50;-51,25;2,50;4,50;7,25;13598,00;12385,00;13590,00;3,82;3,85;3,83;;52,00;47,50;52,00;4,44;nan;4,99;-150,75;14,50;nan;151,71;151,87;NaN;-37,69;3,62;37,93;37,97;1,00;-0,99;-0,99;
4.10.2015 08:30;000,0;063,8;;;;;21852;1792652;6134;214353;52;206;0;0;0;0;0;0;0;;-77,25;-70,50;-76,75;3,25;6,25;10,50;13638,00;12399,00;13609,00;5,68;5,71;5,70;;77,50;70,75;77,50;5,30;nan;2,33;-224,75;20,25;nan;225,84;226,07;NaN;-56,19;5,06;56,46;56,52;1,00;-1,00;-0,99;
4.10.2015 08:45;000,0;062,2;;;;;21852;1792667;6134;214354;52;206;0;0;0;0;0;0;0;;-46,00;-42,00;-45,75;2,00;3,75;6,00;13600,00;12379,00;13585,00;3,39;3,42;3,40;;46,00;42,25;46,00;nan;2,65;nan;-134,00;12,25;nan;134,66;134,81;NaN;-33,50;3,06;33,67;33,70;1,00;-1,00;-0,99;
4.10.2015 09:00;000,0;079,1;;;;;21852;1792687;6134;214356;52;206;0;0;0;0;0;0;0;;-47,00;-43,00;-47,00;1,50;3,75;6,00;13595,00;12361,00;13578,00;3,46;3,50;3,50;;47,00;43,25;47,50;nan;2,74;3,35;-137,25;11,50;nan;137,86;138,01;NaN;-34,31;2,88;34,46;34,50;1,00;-1,00;-0,99;
4.10.2015 09:15;000,0;076,1;;;;;21852;1792706;6134;214358;52;206;0;0;0;0;0;0;0;;-63,25;-57,75;-63,00;2,25;5,00;8,25;13538,00;12342,00;13542,00;4,68;4,70;4,70;;63,25;58,00;63,50;nan;1,98;nan;-184,00;15,75;nan;185,01;185,19;NaN;-46,00;3,94;46,25;46,30;1,00;-0,99;-0,99;
4.10.2015 09:30;000,0;110,8;;;;;21852;1792734;6134;214361;52;206;0;0;0;0;0;0;0;;-146,00;-132,50;-145,00;8,50;14,50;23,00;13628,00;12424,00;13631,00;10,74;10,74;10,78;;146,25;133,25;146,75;0,90;nan;nan;-423,75;46,25;nan;426,71;427,09;NaN;-105,94;11,56;106,68;106,77;0,99;-0,99;-0,99;
4.10.2015 09:45;000,0;173,7;;;;;21852;1792777;6134;214366;52;206;0;0;0;0;0;0;0;;-161,75;-146,50;-159,75;11,25;16,75;26,75;13631,00;12400,00;13606,00;11,90;11,91;11,91;;162,25;147,50;162,00;5,95;3,67;2,89;-468,25;55,00;12,51;471,91;472,36;26,11;-117,06;13,75;117,98;118,09;0,99;-0,99;-0,99;
4.10.2015 10:00;000,0;195,3;;;;;21852;1792826;6134;214371;52;206;0;0;0;0;0;0;0;;-175,75;-159,75;-174,50;10,75;17,75;28,00;13629,00;12449,00;13647,00;12,93;12,91;12,96;;176,00;160,75;176,75;nan;2,33;2,51;-510,25;56,75;nan;513,77;514,20;NaN;-127,56;14,19;128,44;128,55;0,99;-0,99;-0,99;
4.10.2015 10:15;000,0;207,6;;;;;21852;1792878;6134;214377;52;206;0;0;0;0;0;0;0;;-187,50;-169,75;-185,25;12,25;19,25;31,00;13640,00;12417,00;13614,00;13,79;13,77;13,82;;188,00;170,75;188,00;6,14;nan;8,09;-543,00;62,75;nan;547,12;547,61;NaN;-135,75;15,69;136,78;136,90;0,99;-0,99;-0,99;
4.10.2015 10:30;000,0;221,1;;;;;21852;1792934;6134;214384;52;206;0;0;0;0;0;0;0;;-196,00;-177,75;-194,25;13,50;21,25;32,50;13656,00;12440,00;13651,00;14,39;14,39;14,44;;196,50;179,00;197,00;3,74;nan;4,44;-568,25;67,75;nan;572,74;573,26;NaN;-142,06;16,94;143,18;143,31;0,99;-0,99;-0,99;
4.10.2015 10:45;000,0;230,8;;;;;21852;1792991;6134;214391;52;206;0;0;0;0;0;0;0;;-203,50;-183,75;-201,00;14,50;22,25;34,75;13674,00;12408,00;13620,00;14,92;14,92;14,98;;204,00;185,25;204,00;nan;7,64;2,73;-588,75;71,50;nan;593,20;593,76;NaN;-147,19;17,88;148,30;148,44;0,99;-0,99;-0,99;
4.10.2015 11:00;000,0;239,8;;;;;21852;1793051;6134;214398;52;206;0;0;0;0;0;0;0;;-212,25;-191,75;-209,25;15,75;23,50;37,00;13702,00;12441,00;13646,00;15,54;15,54;15,58;;212,75;193,25;212,50;nan;5,02;1,30;-613,50;76,50;nan;618,87;619,45;NaN;-153,38;19,12;154,72;154,86;0,99;-0,99;-0,99;
4.10.2015 11:15;000,0;247,3;;;;;21852;1793113;6134;214406;52;206;0;0;0;0;0;0;0;;-214,25;-194,25;-211,75;16,75;24,25;37,25;13640,00;12442,00;13650,00;15,76;15,74;15,77;;214,75;195,75;215,25;nan;nan;10,34;-620,50;78,25;nan;626,03;626,58;NaN;-155,12;19,56;156,51;156,65;0,99;-0,99;-0,99;
4.10.2015 11:30;000,0;255,2;;;;;21852;1793177;6134;214414;52;206;0;0;0;0;0;0;0;;-221,75;-199,75;-218,75;17,00;25,50;39,75;13697,00;12417,00;13658,00;16,24;16,22;16,28;;222,25;201,50;222,25;nan;7,21;nan;-640,25;82,50;nan;646,33;646,95;NaN;-160,06;20,62;161,58;161,74;0,99;-0,99;-0,99;
4.10.2015 11:45;000,0;259,0;;;;;21852;1793242;6134;214423;52;206;0;0;0;0;0;0;0;;-225,75;-203,50;-222,75;18,00;26,25;40,50;13705,00;12424,00;13666,00;16,53;16,53;16,57;;226,50;205,25;226,50;3,90;5,12;6,67;-652,25;85,00;15,69;658,39;659,04;37,80;-163,06;21,25;164,60;164,76;0,99;-0,99;-0,99;
4.10.2015 12:00;000,0;255,7;;;;;21852;1793306;6134;214431;52;206;0;0;0;0;0;0;0;;-231,75;-209,00;-228,75;18,75;27,75;42,25;13694,00;12431,00;13671,00;16,99;16,98;17,03;;232,50;211,00;232,75;nan;8,36;7,81;-670,00;89,00;nan;676,49;677,14;NaN;-167,50;22,25;169,12;169,28;0,99;-0,99;-0,99;
4.10.2015 12:15;000,0;266,7;;;;;21852;1793372;6134;214440;52;206;0;0;0;0;0;0;0;;-230,50;-208,50;-228,00;18,75;27,75;41,25;13722,00;12476,00;13687,00;16,87;16,87;16,94;;231,25;210,25;231,75;nan;nan;4,74;-667,25;88,00;nan;673,88;674,50;NaN;-166,81;22,00;168,47;168,62;0,99;-0,99;-0,99;
4.10.2015 12:30;000,0;269,4;;;;;21852;1793440;6134;214449;52;206;0;0;0;0;0;0;0;;-234,25;-212,25;-231,75;19,50;28,50;42,00;13713,00;12484,00;13699,00;17,14;17,16;17,21;;235,00;214,00;235,50;nan;nan;nan;-678,25;90,00;nan;684,99;685,62;NaN;-169,56;22,50;171,25;171,41;0,99;-0,99;-0,99;
4.10.2015 12:45;000,0;261,6;;;;;21852;1793505;6134;214457;52;206;0;0;0;0;0;0;0;;-135,75;-123,25;-135,50;6,75;12,75;20,00;13682,00;12407,00;13647,00;9,94;10,00;10,04;;136,00;124,00;137,00;4,73;4,78;2,96;-394,75;39,50;12,47;397,19;397,60;23,21;-98,69;9,88;99,30;99,40;0,99;-0,99;-0,99;
4.10.2015 13:00;000,0;171,6;;;;;21852;1793548;6134;214462;52;206;0;0;0;0;0;0;0;;-207,75;-188,00;-205,00;19,00;26,25;39,50;13661,00;12457,00;13661,00;15,28;15,25;15,29;;208,50;189,75;208,75;nan;nan;nan;-600,75;85,25;nan;607,52;608,05;NaN;-150,19;21,31;151,88;152,01;0,99;-0,99;-0,99;
4.10.2015 13:15;000,0;091,5;;;;;21852;1793570;6134;214465;52;206;0;0;0;0;0;0;0;;-51,00;-46,75;-51,00;2,00;4,00;6,75;13601,00;12345,00;13582,00;3,77;3,81;3,80;;51,25;47,00;51,50;4,64;2,73;2,38;-149,25;13,00;9,76;149,99;150,16;2,86;-37,31;3,25;37,50;37,54;1,00;-1,00;-0,99;
4.10.2015 13:30;000,0;073,5;;;;;21852;1793589;6134;214467;52;206;0;0;0;0;0;0;0;;-69,00;-62,75;-68,75;2,50;5,75;9,25;13600,00;12367,00;13592,00;5,08;5,11;5,12;;69,00;63,00;69,50;nan;nan;4,26;-200,75;17,75;nan;201,84;202,05;NaN;-50,19;4,44;50,46;50,51;1,00;-0,99;-0,99;
4.10.2015 13:45;000,0;063,1;;;;;21852;1793604;6134;214468;52;206;0;0;0;0;0;0;0;;-34,00;-31,00;-33,50;1,50;2,50;4,50;13603,00;12333,00;13563,00;2,50;2,53;2,51;;34,00;31,00;34,00;nan;nan;3,67;-98,75;8,75;nan;99,26;99,37;NaN;-24,69;2,19;24,81;24,84;1,00;-0,99;-0,99;
4.10.2015 14:00;000,0;050,4;;;;;21852;1793617;6134;214469;52;206;0;0;0;0;0;0;0;;-51,25;-47,00;-51,00;2,00;4,00;6,50;13581,00;12361,00;13592,00;3,79;3,82;3,80;;51,25;47,00;51,50;nan;nan;3,00;-149,50;12,75;nan;150,27;150,44;NaN;-37,38;3,19;37,57;37,61;1,00;-0,99;-0,99;
4.10.2015 14:15;000,0;056,3;;;;;21852;1793631;6134;214470;52;206;0;0;0;0;0;0;0;;-65,25;-59,75;-65,25;2,75;5,75;8,75;13591,00;12401,00;13598,00;4,81;4,86;4,86;;65,25;60,25;66,00;nan;5,19;4,68;-190,50;17,25;nan;191,69;191,89;NaN;-47,62;4,31;47,92;47,97;1,00;-0,99;-0,99;
4.10.2015 14:30;000,0;052,4;;;;;21852;1793644;6134;214472;52;206;0;0;0;0;0;0;0;;-54,75;-49,75;-54,50;2,00;4,25;7,25;13602,00;12358,00;13580,00;4,03;4,05;4,05;;54,75;50,00;55,00;nan;2,62;1,48;-159,25;13,75;nan;160,06;160,23;NaN;-39,81;3,44;40,02;40,06;1,00;-0,99;-0,99;
4.10.2015 14:45;000,0;097,2;;;;;21852;1793668;6134;214474;52;206;0;0;0;0;0;0;0;;-57,25;-52,00;-56,75;2,00;4,50;7,75;13630,00;12379,00;13608,00;4,21;4,22;4,23;;57,25;52,25;57,50;nan;2,41;5,06;-166,25;14,25;nan;167,15;167,31;NaN;-41,56;3,56;41,79;41,83;1,00;-0,99;-0,99;
4.10.2015 15:00;000,0;055,0;;;;;21852;1793682;6134;214476;52;206;0;0;0;0;0;0;0;;-44,00;-40,25;-43,75;2,00;3,50;6,00;13604,00;12386,00;13611,00;3,25;3,27;3,25;;44,00;40,50;44,00;nan;2,82;nan;-128,25;12,00;nan;128,95;129,09;NaN;-32,06;3,00;32,24;32,27;1,00;-0,99;-0,99;
4.10.2015 15:15;000,0;044,1;;;;;21852;1793693;6134;214477;52;206;0;0;0;0;0;0;0;;-20,00;-18,50;-20,00;1,00;1,50;2,50;13525,00;12353,00;13555,00;1,50;1,51;1,49;;20,25;18,50;20,00;3,01;nan;nan;-58,75;5,25;nan;59,13;59,20;NaN;-14,69;1,31;14,78;14,80;1,00;-0,99;-0,99;
4.10.2015 15:30;000,0;028,9;;;;;21852;1793700;6134;214477;52;206;0;0;0;0;0;0;0;;-37,25;-34,25;-37,25;1,50;3,00;4,75;13570,00;12371,00;13591,00;2,76;2,79;2,76;;37,50;34,50;37,50;4,05;2,86;nan;-109,00;9,50;nan;109,65;109,77;NaN;-27,25;2,38;27,41;27,44;1,00;-0,99;-0,99;
4.10.2015 15:45;000,0;058,9;;;;;21852;1793715;6134;214479;52;206;0;0;0;0;0;0;0;;-34,25;-31,50;-34,25;1,50;3,00;4,50;13575,00;12375,00;13559,00;2,54;2,57;2,57;;34,50;31,75;34,75;3,86;2,61;3,77;-100,50;9,25;10,25;101,13;101,24;NaN;-25,12;2,31;25,28;25,31;1,00;-0,99;-0,99;
4.10.2015 16:00;000,0;030,0;;;;;21852;1793722;6134;214479;52;206;0;0;0;0;0;0;0;;-21,25;-19,50;-21,00;1,00;1,75;2,50;13518,00;12345,00;13529,00;1,58;1,60;1,58;;21,25;19,75;21,25;nan;2,60;2,08;-62,00;5,50;nan;62,48;62,56;NaN;-15,50;1,38;15,62;15,64;1,00;-0,99;-0,99;
4.10.2015 16:15;000,0;032,8;;;;;21852;1793730;6134;214480;52;206;0;0;0;0;0;0;0;;-17,75;-16,50;-17,75;1,00;1,50;2,25;13505,00;12341,00;13527,00;1,33;1,36;1,33;;17,75;16,75;18,00;nan;2,46;1,97;-52,25;5,00;nan;52,77;52,84;NaN;-13,06;1,25;13,19;13,21;1,00;-0,99;-0,99;
4.10.2015 16:30;000,0;013,4;;;;;21852;1793734;6134;214480;52;206;0;0;0;0;0;0;0;;-5,50;-5,25;-5,25;1,00;1,00;1,25;13532,00;12341,00;13530,00;0,43;0,45;0,42;;5,75;5,50;5,50;1,35;1,30;1,06;-16,25;3,50;3,71;17,12;17,16;2,13;-4,06;0,88;4,28;4,29;0,98;-0,95;-0,95;
4.10.2015 16:45;000,0;007,6;;;;;21852;1793736;6134;214481;52;206;0;0;0;0;0;0;0;;-7,50;-7,00;-7,25;1,00;1,00;1,25;13522,00;12315,00;13494,00;0,57;0,60;0,56;;7,50;7,25;7,50;nan;1,60;1,46;-22,00;3,50;nan;22,56;22,61;NaN;-5,50;0,88;5,64;5,65;0,99;-0,98;-0,97;
4.10.2015 17:00;000,0;009,0;;;;;21852;1793738;6134;214481;52;206;0;0;0;0;0;0;0;;-10,75;-10,25;-10,75;1,00;1,25;1,50;13542,00;12312,00;13510,00;0,81;0,84;0,82;;11,00;10,25;11,00;2,11;nan;1,79;-32,00;4,00;nan;32,45;32,51;NaN;-8,00;1,00;8,11;8,13;0,99;-0,99;-0,98;
4.10.2015 17:15;000,0;031,9;;;;;21852;1793746;6134;214482;52;206;0;0;0;0;0;0;0;;-54,00;-49,25;-53,50;3,00;5,00;8,00;13530,00;12345,00;13525,00;4,01;4,03;4,01;;54,25;49,50;54,25;4,25;nan;4,10;-157,00;16,00;nan;158,18;158,33;NaN;-39,25;4,00;39,54;39,58;0,99;-0,99;-0,99;
4.10.2015 17:30;000,0;029,8;;;;;21852;1793753;6134;214483;52;206;0;0;0;0;0;0;0;;-9,25;-8,75;-9,00;1,00;1,00;1,25;13441,00;12300,00;13480,00;0,70;0,73;0,70;;9,25;8,75;9,25;nan;nan;1,73;-27,25;3,75;nan;27,73;27,78;NaN;-6,81;0,94;6,93;6,94;0,99;-0,98;-0,98;
4.10.2015 17:45;000,0;003,2;;;;;21852;1793754;6134;214483;52;206;0;0;0;0;0;0;0;;-0,75;-1,00;-0,50;1,25;0,75;0,75;13435,00;12258,00;13448,00;0,14;0,14;0,11;;1,75;1,50;1,50;0,97;0,83;1,20;-2,50;3,00;3,00;5,15;5,19;1,64;-0,62;0,75;1,29;1,30;0,36;-0,49;-0,48;
4.10.2015 18:00;000,0;001,0;;;;;21852;1793754;6134;214483;52;206;0;0;0;0;0;0;0;;0,00;-0,25;0,00;1,25;0,75;0,50;13480,00;12267,00;13468,00;0,14;0,12;0,11;;1,75;1,50;1,25;1,22;1,27;1,15;-0,25;2,75;3,65;4,83;4,87;1,66;-0,06;0,69;1,21;1,22;0,00;-0,05;-0,05;
4.10.2015 18:15;000,7;000,0;;;;;21852;1793754;6135;214483;52;206;0;0;0;0;0;0;0;;0,75;0,50;0,75;0,00;0,00;0,00;13459,00;12234,00;13427,00;0,06;0,05;0,06;;0,75;0,50;0,75;0,00;0,00;0,00;2,00;0,00;0,00;2,19;2,20;0,92;0,50;0,00;0,55;0,55;1,00;0,91;0,91;
4.10.2015 18:30;000,9;000,0;;;;;21852;1793754;6135;214483;52;206;0;0;0;0;0;0;0;;0,75;0,50;0,75;0,00;0,00;0,00;13455,00;12284,00;13461,00;0,06;0,05;0,06;;0,75;0,50;0,75;0,00;0,00;0,00;2,00;0,00;0,00;2,23;2,23;0,99;0,50;0,00;0,56;0,56;1,00;0,90;0,90;
4.10.2015 18:45;000,8;000,0;;;;;21853;1793754;6135;214483;52;206;0;0;0;0;0;0;0;;0,75;0,50;0,75;0,00;0,00;0,00;13397,00;12273,00;13459,00;0,06;0,05;0,06;;0,75;0,50;0,75;0,00;0,00;0,00;2,00;0,00;0,00;2,19;2,20;0,92;0,50;0,00;0,55;0,55;1,00;0,91;0,91;
4.10.2015 19:00;000,9;000,0;;;;;21853;1793754;6135;214483;52;206;0;0;0;0;0;0;0;;0,75;0,50;0,75;0,00;0,00;0,00;13468,00;12200,00;13423,00;0,06;0,05;0,06;;0,75;0,50;0,75;0,00;0,00;0,00;2,00;0,00;0,00;2,19;2,20;0,91;0,50;0,00;0,55;0,55;1,00;0,91;0,91;
4.10.2015 19:15;000,9;000,0;;;;;21853;1793754;6135;214483;52;206;0;0;0;0;0;0;0;;0,75;0,50;0,75;0,00;0,00;0,00;13450,00;12247,00;13435,00;0,06;0,05;0,06;;0,75;0,50;0,75;0,00;0,00;0,00;2,00;0,00;0,00;2,19;2,20;0,92;0,50;0,00;0,55;0,55;1,00;0,91;0,91;
4.10.2015 19:30;000,9;000,0;;;;;21853;1793754;6135;214483;52;206;0;0;0;0;0;0;0;;0,75;0,50;0,75;0,00;0,00;0,00;13498,00;12267,00;13468,00;0,06;0,05;0,06;;0,75;0,50;0,75;0,00;0,00;0,00;2,00;0,00;0,00;2,20;2,21;0,93;0,50;0,00;0,55;0,55;1,00;0,91;0,91;
4.10.2015 19:45;000,9;000,0;;;;;21854;1793754;6135;214483;52;206;0;0;0;0;0;0;0;;0,75;0,50;0,75;0,00;0,00;0,00;13503,00;12264,00;13465,00;0,06;0,05;0,06;;0,75;0,50;0,75;0,00;0,00;0,00;2,00;0,00;0,00;2,20;2,21;0,93;0,50;0,00;0,55;0,55;1,00;0,91;0,91;
4.10.2015 20:00;000,8;000,0;;;;;21854;1793754;6135;214483;52;206;0;0;0;0;0;0;0;;0,75;0,50;0,75;0,00;0,00;0,00;13407,00;12233,00;13405,00;0,06;0,05;0,06;;0,75;0,50;0,75;0,00;0,00;0,00;2,00;0,00;0,00;2,22;2,22;0,97;0,50;0,00;0,56;0,56;1,00;0,90;0,90;
4.10.2015 20:15;000,9;000,0;;;;;21854;1793754;6135;214483;52;206;0;0;0;0;0;0;0;;0,50;0,50;0,50;0,00;0,00;0,00;13493,00;12195,00;13402,00;0,04;0,04;0,05;;0,50;0,50;0,75;0,00;0,00;0,56;1,75;0,00;0,56;1,83;1,84;0,14;0,44;0,00;0,46;0,46;1,00;0,96;0,95;
4.10.2015 20:30;000,7;000,0;;;;;21854;1793754;6135;214483;52;206;0;0;0;0;0;0;0;;0,50;0,50;0,75;0,00;0,00;0,00;13483,00;12216,00;13433,00;0,04;0,04;0,05;;0,50;0,50;0,75;0,00;0,00;0,00;1,75;0,00;0,00;1,83;1,84;0,58;0,44;0,00;0,46;0,46;1,00;0,96;0,95;
4.10.2015 20:45;000,8;000,0;;;;;21854;1793754;6135;214483;52;206;0;0;0;0;0;0;0;;0,50;0,50;0,75;0,00;0,00;0,00;13502,00;12228,00;13425,00;0,04;0,05;0,05;;0,50;0,50;0,75;0,00;0,00;0,00;1,75;0,00;0,00;1,86;1,88;0,68;0,44;0,00;0,46;0,47;1,00;0,94;0,93;
4.10.2015 21:00;000,7;000,0;;;;;21855;1793754;6135;214483;52;206;0;0;0;0;0;0;0;;0,50;0,50;0,75;0,00;0,00;0,00;13471,00;12218,00;13408,00;0,04;0,05;0,05;;0,50;0,50;0,75;0,00;0,00;0,00;1,75;0,00;0,00;1,86;1,87;0,67;0,44;0,00;0,46;0,47;1,00;0,94;0,93;
4.10.2015 21:15;000,8;000,0;;;;;21855;1793754;6135;214483;52;206;0;0;0;0;0;0;0;;0,50;0,50;0,75;0,00;0,00;0,00;13534,00;12239,00;13443,00;0,04;0,05;0,05;;0,50;0,50;0,75;0,00;0,00;0,00;1,75;0,00;0,00;1,86;1,88;0,69;0,44;0,00;0,47;0,47;1,00;0,94;0,93;
4.10.2015 21:30;000,7;000,0;;;;;21855;1793754;6135;214483;52;206;0;0;0;0;0;0;0;;0,50;0,50;0,75;0,00;0,00;0,00;13528,00;12233,00;13419,00;0,04;0,05;0,05;;0,50;0,50;0,75;0,00;0,00;0,00;1,75;0,00;0,00;1,86;1,88;0,68;0,44;0,00;0,47;0,47;1,00;0,94;0,93;
4.10.2015 21:45;000,8;000,0;;;;;21855;1793754;6135;214483;52;206;0;0;0;0;0;0;0;;0,50;0,50;0,75;0,00;0,00;0,00;13558,00;12261,00;13444,00;0,04;0,05;0,06;;0,50;0,50;0,75;0,00;0,00;0,00;1,75;0,00;0,00;1,90;1,92;0,79;0,44;0,00;0,47;0,48;1,00;0,92;0,91;
4.10.2015 22:00;000,7;000,0;;;;;21855;1793754;6135;214483;52;206;0;0;0;0;0;0;0;;0,50;0,50;0,75;0,00;0,00;0,00;13564,00;12259,00;13466,00;0,04;0,05;0,06;;0,50;0,50;0,75;0,00;0,00;0,00;1,75;0,00;0,00;1,90;1,92;0,79;0,44;0,00;0,47;0,48;1,00;0,92;0,91;
4.10.2015 22:15;000,8;000,0;;;;;21855;1793754;6135;214483;52;206;0;0;0;0;0;0;0;;0,50;0,50;0,75;0,00;0,00;0,00;13564,00;12261,00;13477,00;0,04;0,05;0,06;;0,50;0,50;0,75;0,00;0,00;0,00;1,75;0,00;0,00;1,90;1,92;0,80;0,44;0,00;0,47;0,48;1,00;0,92;0,91;
4.10.2015 22:30;000,7;000,0;;;;;21856;1793754;6135;214483;52;206;0;0;0;0;0;0;0;;0,50;0,50;0,75;0,00;0,00;0,00;13542,00;12239,00;13445,00;0,04;0,05;0,05;;0,50;0,50;0,75;0,00;0,00;0,00;1,75;0,00;0,00;1,86;1,88;0,69;0,44;0,00;0,47;0,47;1,00;0,94;0,93;
