Cas;P+;P-;Q1;Q2;Q3;Q4;A+;A-;AQ1;AQ2;AQ3;AQ4;S;AP1;AP2;AP3;D1;D2;D3;;P1;P2;P3;Q1;Q2;Q3;U1;U2;U3;I1;I2;I3;;S1;S2;S3;D1;D2;D3;P;Q;D;Sa;Sr;N;AP++;AQ++;Asa++;Asr++;cosFi;P/Sa;P/Sr
 ;"1.5";"2.5";"5.5";"6.5";"7.5";"8.5";"1.8";"2.8";"5.8";"6.8";"7.8";"8.8";"9.8";"21.8";"41.8";"61.8";"181.5";"182.5";"183.5"
 ;[kW];[kW];[kvar];[kvar];[kvar];[kvar];[kWh];[kWh];[kvarh];[kvarh];[kvarh];[kvarh];[kVAh];[kWh];[kWh];[kWh];[kvar];[kvar];[kvar]; ;[kW];[kW];[kW];[kvar];[kvar];[kvar];[V];[V];[V];[A];[A];[A]; ;[kVA];[kVA];[kVA];[kvar];[kvar];kvar];[kW];[kvar];[kvar];[kVAh];[kVAh];[kvar];[kWh];[kvarh];[kVAh];[kVAh]
1.3.2015 00:00;000,5;000,0;;;;;20070;1454343;5666;174152;52;203;0;0;0;0;0;0;0;;0,25;0,25;0,50;0,00;0,00;0,00;13958,00;12542,00;13302,00;0,03;0,02;0,04;;0,25;0,25;0,50;0,00;0,00;0,00;1,00;0,00;0,00;1,27;1,29;0,82;0,25;0,00;0,32;0,32;1,00;0,79;0,77;
1.3.2015 00:15;000,6;000,0;;;;;20070;1454343;5666;174152;52;203;0;0;0;0;0;0;0;;0,25;0,25;0,50;0,00;0,00;0,00;14025,00;12542,00;13276,00;0,03;0,02;0,04;;0,25;0,25;0,50;0,00;0,00;0,00;1,00;0,00;0,00;1,27;1,29;0,82;0,25;0,00;0,32;0,32;1,00;0,79;0,77;
1.3.2015 00:30;000,5;000,0;;;;;20070;1454343;5666;174152;52;203;0;0;0;0;0;0;0;;0,25;0,25;0,50;0,00;0,00;0,00;14042,00;12536,00;13291,00;0,03;0,02;0,04;;0,25;0,25;0,50;0,00;0,00;0,00;1,00;0,00;0,00;1,27;1,30;0,82;0,25;0,00;0,32;0,32;1,00;0,79;0,77;
1.3.2015 00:45;000,7;000,0;;;;;20070;1454343;5666;174152;52;203;0;0;0;0;0;0;0;;0,25;0,25;0,50;0,00;0,00;0,00;14065,00;12589,00;13274,00;0,03;0,02;0,04;;0,25;0,25;0,50;0,00;0,00;0,00;1,00;0,00;0,00;1,27;1,30;0,83;0,25;0,00;0,32;0,32;1,00;0,79;0,77;
1.3.2015 01:00;000,6;000,0;;;;;20070;1454343;5666;174152;52;203;0;0;0;0;0;0;0;;0,25;0,25;0,50;0,00;0,00;0,00;14035,00;12561,00;13295,00;0,03;0,02;0,04;;0,25;0,25;0,50;0,00;0,00;0,00;1,00;0,00;0,00;1,27;1,30;0,83;0,25;0,00;0,32;0,32;1,00;0,79;0,77;
1.3.2015 01:15;000,6;000,0;;;;;20071;1454343;5666;174152;52;203;0;0;0;0;0;0;0;;0,75;1,50;0,75;0,00;0,00;0,00;14078,00;12612,00;13370,00;0,07;0,13;0,08;;0,75;1,50;1,00;0,00;0,00;0,66;3,25;0,00;0,66;3,63;3,82;1,89;0,81;0,00;0,91;0,95;1,00;0,90;0,85;
1.3.2015 01:30;000,6;000,0;;;;;20071;1454343;5666;174152;52;203;0;0;0;0;0;0;0;;0,25;0,25;0,50;0,00;0,00;0,00;14038,00;12574,00;13331,00;0,03;0,02;0,04;;0,25;0,25;0,50;0,00;0,00;0,00;1,00;0,00;0,00;1,27;1,30;0,83;0,25;0,00;0,32;0,32;1,00;0,79;0,77;
1.3.2015 01:45;000,5;000,0;;;;;20071;1454343;5666;174152;52;203;0;0;0;0;0;0;0;;0,25;0,25;0,50;0,00;0,00;0,00;14050,00;12573,00;13313,00;0,03;0,02;0,04;;0,25;0,25;0,50;0,00;0,00;0,00;1,00;0,00;0,00;1,27;1,30;0,83;0,25;0,00;0,32;0,32;1,00;0,79;0,77;
1.3.2015 02:00;000,6;000,0;;;;;20071;1454343;5666;174152;52;203;0;0;0;0;0;0;0;;0,25;0,25;0,50;0,00;0,00;0,00;14016,00;12606,00;13375,00;0,04;0,02;0,04;;0,25;0,25;0,50;0,00;0,00;0,00;1,00;0,00;0,00;1,31;1,33;0,88;0,25;0,00;0,33;0,33;1,00;0,76;0,75;
1.3.2015 02:15;000,5;000,0;;;;;20071;1454343;5666;174152;52;203;0;0;0;0;0;0;0;;0,25;0,25;0,50;0,00;0,00;0,00;14031,00;12581,00;13323,00;0,03;0,02;0,04;;0,25;0,25;0,50;0,00;0,00;0,00;1,00;0,00;0,00;1,27;1,30;0,83;0,25;0,00;0,32;0,32;1,00;0,79;0,77;
1.3.2015 02:30;000,5;000,0;;;;;20071;1454343;5666;174152;52;203;0;0;0;0;0;0;0;;0,25;0,25;0,50;0,00;0,00;0,00;14014,00;12569,00;13309,00;0,03;0,02;0,04;;0,25;0,25;0,50;0,00;0,00;0,00;1,00;0,00;0,00;1,27;1,30;0,83;0,25;0,00;0,32;0,32;1,00;0,79;0,77;
1.3.2015 02:45;000,5;000,0;;;;;20071;1454343;5666;174152;52;203;0;0;0;0;0;0;0;;0,75;1,50;0,75;0,00;0,00;0,00;13981,00;12556,00;13295,00;0,07;0,13;0,07;;0,75;1,50;1,00;0,00;0,00;0,66;3,25;0,00;0,66;3,58;3,77;1,79;0,81;0,00;0,89;0,94;1,00;0,91;0,86;
1.3.2015 03:00;000,6;000,0;;;;;20072;1454343;5666;174152;52;203;0;0;0;0;0;0;0;;0,25;0,25;0,50;0,00;0,00;0,00;14006,00;12568,00;13285,00;0,03;0,02;0,04;;0,25;0,25;0,50;0,00;0,00;0,00;1,00;0,00;0,00;1,27;1,30;0,82;0,25;0,00;0,32;0,32;1,00;0,79;0,77;
1.3.2015 03:15;000,5;000,0;;;;;20072;1454343;5666;174152;52;203;0;0;0;0;0;0;0;;0,25;0,25;0,50;0,00;0,00;0,00;13998,00;12546,00;13276,00;0,03;0,02;0,04;;0,25;0,25;0,50;0,00;0,00;0,00;1,00;0,00;0,00;1,27;1,29;0,82;0,25;0,00;0,32;0,32;1,00;0,79;0,77;
1.3.2015 03:30;000,5;000,0;;;;;20072;1454343;5666;174152;52;203;0;0;0;0;0;0;0;;0,75;1,50;0,75;0,00;0,00;0,00;14019,00;12546,00;13263,00;0,07;0,13;0,07;;0,75;1,50;1,00;0,00;0,00;0,66;3,25;0,00;0,66;3,58;3,77;1,79;0,81;0,00;0,89;0,94;1,00;0,91;0,86;
1.3.2015 03:45;000,8;000,0;;;;;20072;1454343;5666;174152;52;203;0;0;0;0;0;0;0;;0,75;1,50;0,75;0,00;0,00;0,00;13987,00;12539,00;13269,00;0,07;0,13;0,07;;0,75;1,50;1,00;0,00;0,00;0,66;3,25;0,00;0,66;3,57;3,76;1,78;0,81;0,00;0,89;0,94;1,00;0,91;0,86;
1.3.2015 04:00;000,7;000,0;;;;;20072;1454343;5666;174152;52;203;0;0;0;0;0;0;0;;0,25;0,25;0,25;0,00;0,00;0,00;13961,00;12527,00;13261,00;0,03;0,02;0,04;;0,25;0,25;0,50;0,00;0,00;0,43;1,00;0,00;0,43;1,27;1,29;0,69;0,25;0,00;0,32;0,32;1,00;0,79;0,77;
1.3.2015 04:15;000,5;000,0;;;;;20072;1454343;5666;174152;52;203;0;0;0;0;0;0;0;;0,25;0,25;0,25;0,00;0,00;0,00;13956,00;12520,00;13242,00;0,03;0,02;0,04;;0,25;0,25;0,50;0,00;0,00;0,43;1,00;0,00;0,43;1,26;1,29;0,69;0,25;0,00;0,32;0,32;1,00;0,79;0,77;
1.3.2015 04:30;000,5;000,0;;;;;20072;1454343;5666;174152;52;203;0;0;0;0;0;0;0;;0,25;0,25;0,25;0,00;0,00;0,00;13955,00;12502,00;13234,00;0,03;0,02;0,04;;0,25;0,25;0,50;0,00;0,00;0,43;1,00;0,00;0,43;1,26;1,29;0,69;0,25;0,00;0,32;0,32;1,00;0,79;0,78;
1.3.2015 04:45;000,6;000,0;;;;;20073;1454343;5666;174152;52;203;0;0;0;0;0;0;0;;0,25;0,25;0,25;0,00;0,00;0,00;13970,00;12488,00;13205,00;0,03;0,02;0,04;;0,25;0,25;0,50;0,00;0,00;0,43;1,00;0,00;0,43;1,26;1,29;0,69;0,25;0,00;0,32;0,32;1,00;0,79;0,78;
1.3.2015 05:00;000,6;000,0;;;;;20073;1454343;5666;174152;52;203;0;0;0;0;0;0;0;;0,25;0,25;0,25;0,00;0,00;0,00;13932,00;12465,00;13192,00;0,03;0,02;0,04;;0,25;0,25;0,50;0,00;0,00;0,43;1,00;0,00;0,43;1,23;1,25;0,61;0,25;0,00;0,31;0,31;1,00;0,81;0,80;
1.3.2015 05:15;000,7;000,0;;;;;20073;1454343;5666;174152;52;203;0;0;0;0;0;0;0;;0,25;0,25;0,25;0,00;0,00;0,00;13941,00;12489,00;13242,00;0,03;0,02;0,04;;0,25;0,25;0,50;0,00;0,00;0,43;1,00;0,00;0,43;1,26;1,29;0,69;0,25;0,00;0,32;0,32;1,00;0,79;0,78;
1.3.2015 05:30;000,6;000,0;;;;;20073;1454343;5666;174152;52;203;0;0;0;0;0;0;0;;0,25;0,25;0,25;0,00;0,00;0,00;13909,00;12454,00;13208,00;0,03;0,02;0,04;;0,25;0,25;0,50;0,00;0,00;0,43;1,00;0,00;0,43;1,23;1,25;0,60;0,25;0,00;0,31;0,31;1,00;0,81;0,80;
1.3.2015 05:45;000,8;000,0;;;;;20073;1454343;5666;174152;52;203;0;0;0;0;0;0;0;;0,75;1,50;0,75;0,00;0,00;0,00;13933,00;12486,00;13217,00;0,07;0,12;0,07;;0,75;1,50;0,75;0,00;0,00;0,00;3,25;0,00;0,00;3,53;3,70;1,78;0,81;0,00;0,88;0,93;1,00;0,92;0,88;
1.3.2015 06:00;000,6;000,0;;;;;20073;1454343;5666;174152;52;203;0;0;0;0;0;0;0;;0,25;0,25;0,25;0,00;0,00;0,00;13930,00;12495,00;13235,00;0,03;0,02;0,04;;0,25;0,25;0,50;0,00;0,00;0,43;1,00;0,00;0,43;1,26;1,29;0,69;0,25;0,00;0,32;0,32;1,00;0,79;0,78;
1.3.2015 06:15;000,6;000,0;;;;;20074;1454343;5666;174152;52;203;0;0;0;0;0;0;0;;0,25;0,25;0,50;0,00;0,00;0,00;13894,00;12476,00;13210,00;0,03;0,02;0,04;;0,25;0,25;0,50;0,00;0,00;0,00;1,00;0,00;0,00;1,26;1,29;0,81;0,25;0,00;0,32;0,32;1,00;0,79;0,78;
1.3.2015 06:30;000,7;000,0;;;;;20074;1454343;5666;174152;52;203;0;0;0;0;0;0;0;;0,25;0,25;0,25;0,00;0,00;0,00;13947,00;12481,00;13200,00;0,03;0,02;0,04;;0,25;0,25;0,50;0,00;0,00;0,43;1,00;0,00;0,43;1,26;1,29;0,69;0,25;0,00;0,32;0,32;1,00;0,79;0,78;
1.3.2015 06:45;000,5;000,0;;;;;20074;1454343;5666;174152;52;203;0;0;0;0;0;0;0;;0,25;0,25;0,25;0,00;0,00;0,00;13876,00;12465,00;13180,00;0,03;0,02;0,04;;0,25;0,25;0,50;0,00;0,00;0,43;1,00;0,00;0,43;1,26;1,28;0,68;0,25;0,00;0,31;0,32;1,00;0,79;0,78;
1.3.2015 07:00;000,5;000,0;;;;;20074;1454343;5666;174152;52;203;0;0;0;0;0;0;0;;-0,50;0,50;0,75;4,00;3,25;4,50;13898,00;12468,00;13195,00;0,32;0,30;0,39;;4,50;3,50;5,00;2,00;1,20;2,05;0,75;12,00;5,25;13,34;13,41;2,80;0,19;3,00;3,33;3,35;-0,96;0,06;0,06;
1.3.2015 07:15;000,0;000,9;;;;;20074;1454343;5666;174153;52;203;0;0;0;0;0;0;0;;-1,25;-1,25;-0,75;1,00;0,50;0,75;13835,00;12405,00;13135,00;0,14;0,14;0,12;;2,00;1,50;1,50;1,20;0,66;1,06;-3,75;2,25;2,92;5,19;5,21;NaN;-0,94;0,56;1,30;1,30;0,83;-0,72;-0,72;
1.3.2015 07:30;000,0;002,4;;;;;20074;1454343;5666;174153;52;203;0;0;0;0;0;0;0;;-2,50;-2,25;-2,00;1,00;0,50;0,75;13857,00;12408,00;13140,00;0,21;0,21;0,18;;2,75;2,50;2,25;0,56;0,97;0,71;-7,00;2,50;2,23;7,79;7,81;0,87;-1,75;0,62;1,95;1,95;0,94;-0,90;-0,90;
1.3.2015 07:45;000,0;003,8;;;;;20074;1454344;5666;174153;52;203;0;0;0;0;0;0;0;;-3,75;-3,50;-3,25;1,00;0,50;1,00;13835,00;12376,00;13154,00;0,29;0,30;0,28;;4,00;3,50;3,50;0,97;nan;0,83;-10,75;2,50;nan;11,38;11,40;NaN;-2,69;0,62;2,84;2,85;0,97;-0,94;-0,94;
1.3.2015 08:00;000,0;004,1;;;;;20074;1454345;5666;174153;52;203;0;0;0;0;0;0;0;;-4,00;-3,75;-3,50;1,00;0,50;1,00;13848,00;12375,00;13149,00;0,30;0,31;0,29;;4,00;3,75;3,75;nan;nan;0,90;-11,25;2,50;nan;11,87;11,90;NaN;-2,81;0,62;2,97;2,97;0,98;-0,95;-0,95;
1.3.2015 08:15;000,0;008,4;;;;;20074;1454348;5666;174154;52;203;0;0;0;0;0;0;0;;-11,25;-9,25;-10,25;0,50;0,50;2,25;13863,00;12361,00;13113,00;0,82;0,76;0,81;;11,25;9,25;10,50;nan;nan;0,35;-31,00;3,50;nan;31,41;31,42;NaN;-7,75;0,88;7,85;7,86;0,99;-0,99;-0,99;
1.3.2015 08:30;000,0;017,1;;;;;20074;1454352;5666;174154;52;203;0;0;0;0;0;0;0;;-14,75;-13,25;-13,75;1,00;0,50;2,00;13800,00;12346,00;13115,00;1,08;1,09;1,07;;14,75;13,25;13,75;nan;nan;nan;-42,00;3,75;nan;42,33;42,38;NaN;-10,50;0,94;10,58;10,60;1,00;-0,99;-0,99;
1.3.2015 08:45;000,0;018,2;;;;;20074;1454356;5666;174154;52;203;0;0;0;0;0;0;0;;-18,25;-16,50;-17,00;1,25;0,50;2,25;13824,00;12396,00;13123,00;1,33;1,35;1,32;;18,25;16,50;17,25;nan;nan;1,87;-52,25;4,25;nan;52,54;52,61;NaN;-13,06;1,06;13,14;13,15;1,00;-0,99;-0,99;
1.3.2015 09:00;000,0;024,8;;;;;20074;1454363;5666;174155;52;203;0;0;0;0;0;0;0;;-23,75;-21,25;-22,00;1,25;0,75;3,00;13831,00;12389,00;13101,00;1,73;1,73;1,71;;23,75;21,25;22,25;nan;nan;1,44;-67,50;5,25;nan;67,86;67,93;NaN;-16,88;1,31;16,97;16,98;1,00;-0,99;-0,99;
1.3.2015 09:15;000,0;026,8;;;;;20074;1454369;5666;174156;52;203;0;0;0;0;0;0;0;;-22,75;-20,50;-21,25;1,25;0,75;3,00;13832,00;12381,00;13099,00;1,66;1,66;1,64;;22,75;20,50;21,50;nan;nan;1,30;-64,75;5,25;nan;64,99;65,06;NaN;-16,19;1,31;16,25;16,27;1,00;-1,00;-1,00;
1.3.2015 09:30;000,0;026,2;;;;;20074;1454376;5666;174156;52;203;0;0;0;0;0;0;0;;-21,75;-19,50;-20,25;1,25;0,50;2,75;13823,00;12362,00;13064,00;1,58;1,59;1,57;;21,75;19,50;20,50;nan;nan;1,62;-61,75;4,75;nan;62,04;62,11;NaN;-15,44;1,19;15,51;15,53;1,00;-1,00;-0,99;
1.3.2015 09:45;000,0;026,6;;;;;20074;1454383;5666;174157;52;203;0;0;0;0;0;0;0;;-23,75;-21,25;-22,00;1,50;0,75;3,00;13837,00;12376,00;13107,00;1,72;1,73;1,70;;23,75;21,25;22,25;nan;nan;1,44;-67,25;5,25;nan;67,52;67,60;NaN;-16,81;1,31;16,88;16,90;1,00;-1,00;-0,99;
1.3.2015 10:00;000,0;029,5;;;;;20074;1454390;5666;174157;52;203;0;0;0;0;0;0;0;;-30,00;-26,75;-27,75;1,75;0,75;4,00;13852,00;12366,00;13103,00;2,17;2,17;2,15;;30,00;26,75;28,00;nan;nan;nan;-84,75;6,75;nan;85,19;85,29;NaN;-21,19;1,69;21,30;21,32;1,00;-0,99;-0,99;
1.3.2015 10:15;000,0;060,5;;;;;20074;1454405;5666;174159;52;203;0;0;0;0;0;0;0;;-92,25;-82,50;-86,50;6,25;4,75;13,75;13882,00;12416,00;13159,00;6,67;6,67;6,67;;92,50;82,75;87,75;2,67;4,33;5,36;-261,50;25,25;12,36;263,24;263,52;16,38;-65,38;6,31;65,81;65,88;1,00;-0,99;-0,99;
1.3.2015 10:30;000,0;099,2;;;;;20074;1454430;5666;174161;52;203;0;0;0;0;0;0;0;;-62,75;-56,50;-59,25;3,50;3,00;8,50;13868,00;12390,00;13164,00;4,55;4,57;4,57;;63,00;56,50;60,00;4,38;nan;4,15;-179,00;15,25;nan;179,81;180,02;NaN;-44,75;3,81;44,95;45,01;1,00;-1,00;-0,99;
1.3.2015 10:45;000,0;060,5;;;;;20074;1454445;5666;174162;52;203;0;0;0;0;0;0;0;;-61,75;-55,50;-58,00;3,50;2,50;8,25;13843,00;12379,00;13166,00;4,49;4,50;4,47;;62,00;55,50;58,75;4,32;nan;4,42;-175,50;14,50;nan;176,61;176,81;NaN;-43,88;3,62;44,15;44,20;1,00;-0,99;-0,99;
1.3.2015 11:00;000,0;080,3;;;;;20074;1454466;5666;174164;52;203;0;0;0;0;0;0;0;;-92,75;-82,75;-87,00;6,25;5,00;14,00;13907,00;12367,00;13164,00;6,69;6,71;6,70;;93,00;82,75;88,00;2,72;nan;nan;-262,50;25,50;nan;264,22;264,54;NaN;-65,62;6,38;66,05;66,13;1,00;-0,99;-0,99;
1.3.2015 11:15;000,0;095,7;;;;;20074;1454489;5666;174166;52;203;0;0;0;0;0;0;0;;-111,75;-100,00;-104,75;8,75;7,25;18,00;13882,00;12404,00;13176,00;8,08;8,09;8,09;;112,00;100,25;106,50;nan;nan;6,76;-316,75;34,25;nan;319,01;319,35;NaN;-79,19;8,56;79,75;79,84;0,99;-0,99;-0,99;
1.3.2015 11:30;000,0;131,0;;;;;20074;1454522;5666;174170;52;203;0;0;0;0;0;0;0;;-74,75;-67,25;-70,75;4,50;4,00;10,50;13834,00;12370,00;13162,00;5,42;5,46;5,45;;75,00;67,50;71,75;4,15;4,21;5,68;-213,25;19,25;14,03;214,32;214,57;NaN;-53,31;4,81;53,58;53,64;1,00;-1,00;-0,99;
1.3.2015 11:45;000,0;108,5;;;;;20074;1454549;5666;174173;52;203;0;0;0;0;0;0;0;;-90,00;-80,50;-84,75;6,00;4,75;13,25;13887,00;12386,00;13183,00;6,50;6,52;6,51;;90,25;80,75;85,75;3,01;4,21;nan;-255,25;24,50;nan;256,91;257,20;NaN;-63,81;6,12;64,23;64,30;1,00;-0,99;-0,99;
1.3.2015 12:00;000,0;147,4;;;;;20074;1454587;5666;174177;52;203;0;0;0;0;0;0;0;;-184,75;-165,50;-175,25;15,00;14,25;31,00;13942,00;12450,00;13272,00;13,31;13,35;13,41;;185,50;166,00;178,00;7,26;nan;3,23;-525,50;60,50;nan;529,72;530,31;NaN;-131,38;15,12;132,43;132,58;0,99;-0,99;-0,99;
1.3.2015 12:15;000,0;159,6;;;;;20074;1454626;5666;174181;52;203;0;0;0;0;0;0;0;;-109,75;-98,00;-103,75;6,25;5,75;16,00;13940,00;12404,00;13219,00;7,90;7,92;7,96;;110,00;98,25;105,25;3,98;4,00;7,58;-312,00;28,50;15,57;313,72;314,09;15,95;-78,00;7,12;78,43;78,52;1,00;-0,99;-0,99;
1.3.2015 12:30;000,0;120,4;;;;;20074;1454656;5666;174184;52;203;0;0;0;0;0;0;0;;-65,00;-58,25;-61,25;3,50;2,75;9,00;13937,00;12409,00;13183,00;4,69;4,70;4,70;;65,25;58,25;62,00;4,51;nan;3,38;-184,75;15,75;nan;185,71;185,93;NaN;-46,19;3,94;46,43;46,48;1,00;-0,99;-0,99;
1.3.2015 12:45;000,0;082,1;;;;;20074;1454676;5666;174185;52;203;0;0;0;0;0;0;0;;-50,25;-45,00;-47,25;2,75;2,00;6,75;13960,00;12402,00;13166,00;3,62;3,64;3,64;;50,50;45,00;47,75;4,20;nan;1,39;-142,75;11,75;nan;143,57;143,75;NaN;-35,69;2,94;35,89;35,94;1,00;-0,99;-0,99;
1.3.2015 13:00;000,0;039,8;;;;;20074;1454686;5666;174186;52;203;0;0;0;0;0;0;0;;-21,75;-19,75;-20,50;1,25;0,75;2,75;13904,00;12399,00;13196,00;1,58;1,60;1,58;;21,75;19,75;20,75;nan;nan;1,66;-62,25;4,75;nan;62,59;62,68;NaN;-15,56;1,19;15,65;15,67;1,00;-0,99;-0,99;
1.3.2015 13:15;000,0;022,0;;;;;20074;1454692;5666;174187;52;203;0;0;0;0;0;0;0;;-14,50;-13,00;-13,50;1,00;0,50;2,00;13900,00;12373,00;13162,00;1,05;1,07;1,05;;14,50;13,25;13,75;nan;2,51;1,68;-41,25;3,75;nan;41,62;41,69;NaN;-10,31;0,94;10,41;10,42;1,00;-0,99;-0,99;
1.3.2015 13:30;000,0;015,3;;;;;20074;1454695;5666;174187;52;203;0;0;0;0;0;0;0;;-10,00;-9,25;-9,25;1,00;0,50;1,50;13934,00;12388,00;13164,00;0,73;0,76;0,72;;10,00;9,25;9,50;nan;nan;1,56;-28,75;3,25;nan;29,13;29,19;NaN;-7,19;0,81;7,28;7,30;0,99;-0,99;-0,98;
1.3.2015 13:45;000,0;016,6;;;;;20074;1454700;5666;174187;52;203;0;0;0;0;0;0;0;;-17,75;-16,00;-16,50;1,00;0,75;2,25;13880,00;12391,00;13165,00;1,28;1,30;1,28;;17,75;16,00;16,75;nan;nan;1,80;-50,50;4,25;nan;50,69;50,76;NaN;-12,62;1,06;12,67;12,69;1,00;-1,00;-0,99;
1.3.2015 14:00;000,0;016,7;;;;;20074;1454704;5666;174188;52;203;0;0;0;0;0;0;0;;-16,50;-14,75;-15,25;1,00;0,50;2,00;13900,00;12426,00;13214,00;1,19;1,21;1,18;;16,50;15,00;15,50;nan;2,68;1,92;-46,75;4,00;nan;47,21;47,27;NaN;-11,69;1,00;11,80;11,82;1,00;-0,99;-0,99;
1.3.2015 14:15;000,0;019,2;;;;;20074;1454709;5666;174188;52;203;0;0;0;0;0;0;0;;-24,75;-22,25;-23,25;1,25;0,75;3,00;13921,00;12451,00;13227,00;1,78;1,80;1,77;;24,75;22,25;23,50;nan;nan;1,64;-70,25;5,50;nan;70,67;70,76;NaN;-17,56;1,38;17,67;17,69;1,00;-0,99;-0,99;
1.3.2015 14:30;000,0;015,5;;;;;20074;1454712;5666;174189;52;203;0;0;0;0;0;0;0;;-11,25;-10,25;-10,50;1,00;0,50;1,50;13916,00;12423,00;13219,00;0,82;0,85;0,81;;11,25;10,50;10,75;nan;2,22;1,75;-32,25;3,50;nan;32,65;32,71;NaN;-8,06;0,88;8,16;8,18;0,99;-0,99;-0,99;
1.3.2015 14:45;000,0;014,9;;;;;20074;1454716;5666;174189;52;203;0;0;0;0;0;0;0;;-11,25;-10,25;-10,50;1,00;0,50;1,50;13912,00;12402,00;13189,00;0,82;0,84;0,81;;11,25;10,25;10,50;nan;nan;nan;-32,00;3,50;nan;32,47;32,53;NaN;-8,00;0,88;8,12;8,13;0,99;-0,99;-0,98;
1.3.2015 15:00;000,0;010,2;;;;;20074;1454719;5666;174189;52;203;0;0;0;0;0;0;0;;-5,50;-5,00;-5,00;1,00;0,50;1,00;13904,00;12420,00;13212,00;0,41;0,43;0,40;;5,50;5,25;5,00;nan;1,52;nan;-15,50;3,00;nan;16,13;16,17;NaN;-3,88;0,75;4,03;4,04;0,98;-0,96;-0,96;
1.3.2015 15:15;000,0;006,6;;;;;20074;1454720;5666;174190;52;203;0;0;0;0;0;0;0;;-6,25;-5,75;-5,75;1,00;0,50;1,00;13879,00;12414,00;13190,00;0,47;0,49;0,45;;6,25;6,00;5,75;nan;1,64;nan;-18,00;2,75;nan;18,47;18,52;NaN;-4,50;0,69;4,62;4,63;0,99;-0,97;-0,97;
1.3.2015 15:30;000,0;007,1;;;;;20074;1454722;5666;174190;52;203;0;0;0;0;0;0;0;;-4,75;-4,50;-4,25;1,00;0,50;1,00;13865,00;12427,00;13209,00;0,36;0,37;0,34;;4,75;4,50;4,50;nan;nan;1,09;-13,50;2,75;nan;14,08;14,11;NaN;-3,38;0,69;3,52;3,53;0,98;-0,96;-0,96;
1.3.2015 15:45;000,0;004,2;;;;;20074;1454723;5666;174190;52;203;0;0;0;0;0;0;0;;-2,75;-2,50;-2,25;1,00;0,50;1,00;13859,00;12410,00;13166,00;0,23;0,23;0,20;;3,00;2,75;2,50;0,66;1,03;0,43;-8,00;2,50;2,13;8,61;8,63;NaN;-2,00;0,62;2,15;2,16;0,95;-0,93;-0,93;
1.3.2015 16:00;000,0;003,2;;;;;20074;1454724;5666;174190;52;203;0;0;0;0;0;0;0;;-2,00;-2,00;-1,75;1,00;0,50;0,75;13829,00;12391,00;13147,00;0,18;0,20;0,16;;2,50;2,25;2,00;1,12;0,90;0,61;-6,00;2,50;2,63;7,04;7,08;1,00;-1,50;0,62;1,76;1,77;0,91;-0,85;-0,85;
1.3.2015 16:15;000,0;001,8;;;;;20074;1454724;5666;174191;52;203;0;0;0;0;0;0;0;;-0,50;-0,75;-0,25;1,00;0,50;0,50;13798,00;12384,00;13157,00;0,12;0,12;0,10;;1,50;1,25;1,25;1,00;0,87;1,12;-1,75;2,25;2,98;4,36;4,38;1,47;-0,44;0,56;1,09;1,10;0,28;-0,40;-0,40;
1.3.2015 16:30;000,0;001,1;;;;;20074;1454725;5666;174191;52;203;0;0;0;0;0;0;0;;-0,50;-0,75;-0,25;1,00;0,50;0,50;13826,00;12369,00;13148,00;0,11;0,12;0,10;;1,50;1,25;1,25;1,00;0,87;1,12;-1,50;2,25;2,98;4,26;4,28;1,44;-0,38;0,56;1,06;1,07;0,07;-0,35;-0,35;
1.3.2015 16:45;000,0;001,5;;;;;20074;1454725;5666;174191;52;203;0;0;0;0;0;0;0;;-3,50;-3,25;-3,00;1,00;0,50;1,00;13794,00;12375,00;13154,00;0,27;0,28;0,25;;3,75;3,50;3,25;0,90;1,20;0,75;-10,00;2,50;2,85;10,61;10,64;NaN;-2,50;0,62;2,65;2,66;0,97;-0,94;-0,94;
1.3.2015 17:00;000,0;003,0;;;;;20074;1454726;5666;174191;52;203;0;0;0;0;0;0;0;;-0,50;-0,75;-0,25;1,00;0,50;0,50;13863,00;12367,00;13114,00;0,12;0,12;0,09;;1,50;1,25;1,25;1,00;0,87;1,12;-1,75;2,25;2,98;4,29;4,32;1,27;-0,44;0,56;1,07;1,08;0,28;-0,41;-0,41;
1.3.2015 17:15;000,1;000,2;;;;;20074;1454726;5666;174192;52;203;0;0;0;0;0;0;0;;0,00;0,00;0,25;0,75;0,50;0,50;13836,00;12353,00;13075,00;0,10;0,10;0,09;;1,25;1,00;1,25;1,00;0,87;1,12;0,25;2,00;2,98;3,83;3,83;1,31;0,06;0,50;0,96;0,96;-0,15;0,07;0,07;
1.3.2015 17:30;000,4;000,0;;;;;20074;1454726;5667;174192;52;203;0;0;0;0;0;0;0;;0,25;0,25;0,25;0,00;0,00;0,00;13863,00;12389,00;13106,00;0,03;0,02;0,04;;0,25;0,25;0,50;0,00;0,00;0,43;1,00;0,00;0,43;1,25;1,28;0,67;0,25;0,00;0,31;0,32;1,00;0,80;0,78;
1.3.2015 17:45;000,5;000,0;;;;;20074;1454726;5667;174192;52;203;0;0;0;0;0;0;0;;0,25;0,25;0,25;0,00;0,00;0,00;13825,00;12382,00;13123,00;0,03;0,02;0,04;;0,25;0,25;0,50;0,00;0,00;0,43;1,00;0,00;0,43;1,22;1,24;0,59;0,25;0,00;0,31;0,31;1,00;0,82;0,81;
1.3.2015 18:00;000,5;000,0;;;;;20074;1454726;5667;174192;52;203;0;0;0;0;0;0;0;;0,25;0,25;0,25;0,00;0,00;0,00;13891,00;12390,00;13100,00;0,03;0,02;0,04;;0,25;0,25;0,50;0,00;0,00;0,43;1,00;0,00;0,43;1,22;1,24;0,59;0,25;0,00;0,31;0,31;1,00;0,82;0,81;
1.3.2015 18:15;000,4;000,0;;;;;20074;1454726;5667;174192;52;203;0;0;0;0;0;0;0;;0,25;0,25;0,25;0,00;0,00;0,00;13853,00;12384,00;13081,00;0,03;0,02;0,04;;0,25;0,25;0,50;0,00;0,00;0,43;1,00;0,00;0,43;1,22;1,24;0,59;0,25;0,00;0,30;0,31;1,00;0,82;0,81;
1.3.2015 18:30;000,6;000,0;;;;;20075;1454726;5667;174192;52;203;0;0;0;0;0;0;0;;0,50;0,25;1,25;0,00;0,00;0,00;13819,00;12413,00;13130,00;0,06;0,05;0,10;;0,75;0,50;1,25;0,56;0,43;0,00;2,25;0,00;0,99;2,76;2,91;1,55;0,56;0,00;0,69;0,73;1,00;0,81;0,77;
1.3.2015 18:45;000,6;000,0;;;;;20075;1454726;5667;174192;52;203;0;0;0;0;0;0;0;;0,25;0,25;0,25;0,00;0,00;0,00;13832,00;12421,00;13146,00;0,03;0,02;0,04;;0,25;0,25;0,50;0,00;0,00;0,43;1,00;0,00;0,43;1,22;1,24;0,59;0,25;0,00;0,31;0,31;1,00;0,82;0,81;
1.3.2015 19:00;000,4;000,0;;;;;20075;1454726;5667;174192;52;203;0;0;0;0;0;0;0;;0,25;0,25;0,25;0,00;0,00;0,00;13817,00;12427,00;13135,00;0,03;0,02;0,04;;0,25;0,25;0,50;0,00;0,00;0,43;1,00;0,00;0,43;1,22;1,24;0,59;0,25;0,00;0,31;0,31;1,00;0,82;0,81;
1.3.2015 19:15;000,7;000,0;;;;;20075;1454726;5667;174192;52;203;0;0;0;0;0;0;0;;0,25;0,25;0,25;0,00;0,00;0,00;13866,00;12435,00;13133,00;0,03;0,02;0,04;;0,25;0,25;0,50;0,00;0,00;0,43;1,00;0,00;0,43;1,22;1,24;0,60;0,25;0,00;0,31;0,31;1,00;0,82;0,81;
1.3.2015 19:30;000,5;000,0;;;;;20075;1454726;5667;174192;52;203;0;0;0;0;0;0;0;;0,25;0,25;0,25;0,00;0,00;0,00;13835,00;12433,00;13129,00;0,03;0,02;0,04;;0,25;0,25;0,50;0,00;0,00;0,43;1,00;0,00;0,43;1,22;1,24;0,59;0,25;0,00;0,31;0,31;1,00;0,82;0,81;
1.3.2015 19:45;000,5;000,0;;;;;20075;1454726;5667;174192;52;203;0;0;0;0;0;0;0;;0,25;0,25;0,25;0,00;0,00;0,00;13857,00;12437,00;13101,00;0,03;0,02;0,04;;0,25;0,25;0,50;0,00;0,00;0,43;1,00;0,00;0,43;1,22;1,24;0,59;0,25;0,00;0,31;0,31;1,00;0,82;0,81;
1.3.2015 20:00;000,4;000,0;;;;;20075;1454726;5667;174192;52;203;0;0;0;0;0;0;0;;0,25;0,25;0,25;0,00;0,00;0,00;13843,00;12450,00;13099,00;0,03;0,02;0,04;;0,25;0,25;0,50;0,00;0,00;0,43;1,00;0,00;0,43;1,22;1,24;0,59;0,25;0,00;0,31;0,31;1,00;0,82;0,81;
1.3.2015 20:15;000,5;000,0;;;;;20075;1454726;5667;174192;52;203;0;0;0;0;0;0;0;;0,25;0,25;0,25;0,00;0,00;0,00;13812,00;12460,00;13085,00;0,03;0,02;0,04;;0,25;0,25;0,50;0,00;0,00;0,43;1,00;0,00;0,43;1,22;1,24;0,59;0,25;0,00;0,30;0,31;1,00;0,82;0,81;
1.3.2015 20:30;000,5;000,0;;;;;20076;1454726;5667;174192;52;203;0;0;0;0;0;0;0;;0,25;0,25;0,25;0,00;0,00;0,00;13870,00;12476,00;13055,00;0,03;0,02;0,04;;0,25;0,25;0,50;0,00;0,00;0,43;1,00;0,00;0,43;1,22;1,24;0,59;0,25;0,00;0,31;0,31;1,00;0,82;0,81;
1.3.2015 20:45;000,5;000,0;;;;;20076;1454726;5667;174192;52;203;0;0;0;0;0;0;0;;0,25;0,25;0,25;0,00;0,00;0,00;13875,00;12466,00;13082,00;0,03;0,02;0,04;;0,25;0,25;0,50;0,00;0,00;0,43;1,00;0,00;0,43;1,22;1,24;0,59;0,25;0,00;0,31;0,31;1,00;0,82;0,81;
1.3.2015 21:00;000,4;000,0;;;;;20076;1454726;5667;174192;52;203;0;0;0;0;0;0;0;;0,25;0,25;0,25;0,00;0,00;0,00;13904,00;12480,00;13124,00;0,03;0,02;0,04;;0,25;0,25;0,50;0,00;0,00;0,43;1,00;0,00;0,43;1,22;1,24;0,60;0,25;0,00;0,31;0,31;1,00;0,82;0,80;
1.3.2015 21:15;000,5;000,0;;;;;20076;1454726;5667;174192;52;203;0;0;0;0;0;0;0;;0,25;0,25;0,25;0,00;0,00;0,00;13885,00;12460,00;13100,00;0,03;0,02;0,04;;0,25;0,25;0,50;0,00;0,00;0,43;1,00;0,00;0,43;1,22;1,24;0,60;0,25;0,00;0,31;0,31;1,00;0,82;0,81;
1.3.2015 21:30;000,5;000,0;;;;;20076;1454726;5667;174192;52;203;0;0;0;0;0;0;0;;0,25;0,25;0,25;0,00;0,00;0,00;13876,00;12478,00;13114,00;0,03;0,02;0,04;;0,25;0,25;0,50;0,00;0,00;0,43;1,00;0,00;0,43;1,22;1,24;0,60;0,25;0,00;0,31;0,31;1,00;0,82;0,80;
1.3.2015 21:45;000,5;000,0;;;;;20076;1454726;5667;174192;52;203;0;0;0;0;0;0;0;;0,25;0,25;0,25;0,00;0,00;0,00;13858,00;12457,00;13127,00;0,03;0,02;0,04;;0,25;0,25;0,50;0,00;0,00;0,43;1,00;0,00;0,43;1,22;1,24;0,60;0,25;0,00;0,31;0,31;1,00;0,82;0,81;
1.3.2015 22:00;000,5;000,0;;;;;20076;1454726;5667;174192;52;203;0;0;0;0;0;0;0;;0,25;0,25;0,25;0,00;0,00;0,00;13818,00;12478,00;13125,00;0,03;0,02;0,04;;0,25;0,25;0,50;0,00;0,00;0,43;1,00;0,00;0,43;1,22;1,24;0,59;0,25;0,00;0,31;0,31;1,00;0,82;0,81;
1.3.2015 22:15;000,4;000,0;;;;;20076;1454726;5667;174192;52;203;0;0;0;0;0;0;0;;0,25;0,25;0,25;0,00;0,00;0,00;13891,00;12528,00;13136,00;0,03;0,02;0,04;;0,25;0,25;0,50;0,00;0,00;0,43;1,00;0,00;0,43;1,26;1,29;0,68;0,25;0,00;0,31;0,32;1,00;0,79;0,78;
1.3.2015 22:30;000,5;000,0;;;;;20077;1454726;5667;174192;52;203;0;0;0;0;0;0;0;;0,25;0,25;0,25;0,00;0,00;0,00;13870,00;12519,00;13109,00;0,03;0,02;0,04;;0,25;0,25;0,50;0,00;0,00;0,43;1,00;0,00;0,43;1,22;1,24;0,60;0,25;0,00;0,31;0,31;1,00;0,82;0,80;
1.3.2015 22:45;000,5;000,0;;;;;20077;1454726;5667;174192;52;203;0;0;0;0;0;0;0;;0,25;0,25;0,25;0,00;0,00;0,00;13890,00;12531,00;13115,00;0,03;0,02;0,04;;0,25;0,25;0,50;0,00;0,00;0,43;1,00;0,00;0,43;1,23;1,24;0,60;0,25;0,00;0,31;0,31;1,00;0,82;0,80;
1.3.2015 23:00;000,5;000,0;;;;;20077;1454726;5667;174192;52;203;0;0;0;0;0;0;0;;0,25;0,25;0,25;0,00;0,00;0,00;13943,00;12580,00;13186,00;0,03;0,02;0,04;;0,25;0,25;0,50;0,00;0,00;0,43;1,00;0,00;0,43;1,26;1,29;0,69;0,25;0,00;0,32;0,32;1,00;0,79;0,77;
1.3.2015 23:15;000,5;000,0;;;;;20077;1454726;5667;174192;52;203;0;0;0;0;0;0;0;;0,25;0,25;0,25;0,00;0,00;0,00;13910,00;12570,00;13183,00;0,03;0,02;0,04;;0,25;0,25;0,50;0,00;0,00;0,43;1,00;0,00;0,43;1,26;1,29;0,69;0,25;0,00;0,32;0,32;1,00;0,79;0,78;
1.3.2015 23:30;000,5;000,0;;;;;20077;1454726;5667;174192;52;203;0;0;0;0;0;0;0;;0,25;0,25;0,25;0,00;0,00;0,00;13921,00;12585,00;13183,00;0,03;0,02;0,04;;0,25;0,25;0,50;0,00;0,00;0,43;1,00;0,00;0,43;1,26;1,29;0,69;0,25;0,00;0,32;0,32;1,00;0,79;0,78;
1.3.2015 23:45;000,4;000,0;;;;;20077;1454726;5667;174192;52;203;0;0;0;0;0;0;0;;0,25;0,25;0,25;0,00;0,00;0,00;13945,00;12576,00;13168,00;0,03;0,02;0,04;;0,25;0,25;0,50;0,00;0,00;0,43;1,00;0,00;0,43;1,26;1,29;0,69;0,25;0,00;0,32;0,32;1,00;0,79;0,78;
2.3.2015 00:00;000,7;000,0;;;;;20077;1454726;5667;174192;52;203;0;0;0;0;0;0;0;;0,25;0,25;0,25;0,00;0,00;0,00;13975,00;12556,00;13184,00;0,03;0,02;0,04;;0,25;0,25;0,50;0,00;0,00;0,43;1,00;0,00;0,43;1,26;1,29;0,69;0,25;0,00;0,32;0,32;1,00;0,79;0,77;
2.3.2015 00:15;000,4;000,0;;;;;20077;1454726;5667;174192;52;203;0;0;0;0;0;0;0;;0,25;0,25;0,25;0,00;0,00;0,00;13925,00;12522,00;13184,00;0,03;0,02;0,04;;0,25;0,25;0,50;0,00;0,00;0,43;1,00;0,00;0,43;1,26;1,29;0,69;0,25;0,00;0,32;0,32;1,00;0,79;0,78;
2.3.2015 00:30;000,5;000,0;;;;;20078;1454726;5667;174192;52;203;0;0;0;0;0;0;0;;0,25;0,25;0,25;0,00;0,00;0,00;13973,00;12554,00;13217,00;0,03;0,02;0,04;;0,25;0,25;0,50;0,00;0,00;0,43;1,00;0,00;0,43;1,27;1,29;0,69;0,25;0,00;0,32;0,32;1,00;0,79;0,77;
2.3.2015 00:45;000,5;000,0;;;;;20078;1454726;5667;174192;52;203;0;0;0;0;0;0;0;;0,25;0,25;0,25;0,00;0,00;0,00;13998,00;12552,00;13218,00;0,03;0,02;0,04;;0,25;0,25;0,50;0,00;0,00;0,43;1,00;0,00;0,43;1,27;1,29;0,69;0,25;0,00;0,32;0,32;1,00;0,79;0,77;
2.3.2015 01:00;000,6;000,0;;;;;20078;1454726;5667;174192;52;203;0;0;0;0;0;0;0;;0,25;0,25;0,25;0,00;0,00;0,00;13959,00;12537,00;13232,00;0,03;0,02;0,04;;0,25;0,25;0,50;0,00;0,00;0,43;1,00;0,00;0,43;1,27;1,29;0,69;0,25;0,00;0,32;0,32;1,00;0,79;0,77;
2.3.2015 01:15;000,5;000,0;;;;;20078;1454726;5667;174192;52;203;0;0;0;0;0;0;0;;0,25;0,25;0,50;0,00;0,00;0,00;13946,00;12556,00;13265,00;0,03;0,02;0,04;;0,25;0,25;0,50;0,00;0,00;0,00;1,00;0,00;0,00;1,27;1,29;0,82;0,25;0,00;0,32;0,32;1,00;0,79;0,77;
2.3.2015 01:30;000,7;000,0;;;;;20078;1454726;5667;174192;52;203;0;0;0;0;0;0;0;;0,25;0,25;0,25;0,00;0,00;0,00;14019,00;12565,00;13230,00;0,03;0,02;0,04;;0,25;0,25;0,50;0,00;0,00;0,43;1,00;0,00;0,43;1,27;1,29;0,70;0,25;0,00;0,32;0,32;1,00;0,79;0,77;
2.3.2015 01:45;000,5;000,0;;;;;20078;1454726;5667;174192;52;203;0;0;0;0;0;0;0;;0,25;0,25;0,25;0,00;0,00;0,00;13981,00;12543,00;13227,00;0,03;0,02;0,04;;0,25;0,25;0,50;0,00;0,00;0,43;1,00;0,00;0,43;1,27;1,29;0,69;0,25;0,00;0,32;0,32;1,00;0,79;0,77;
2.3.2015 02:00;000,6;000,0;;;;;20078;1454726;5667;174192;52;203;0;0;0;0;0;0;0;;0,25;0,25;0,50;0,00;0,00;0,00;13982,00;12579,00;13278,00;0,03;0,02;0,04;;0,25;0,25;0,50;0,00;0,00;0,00;1,00;0,00;0,00;1,27;1,29;0,82;0,25;0,00;0,32;0,32;1,00;0,79;0,77;
2.3.2015 02:15;000,7;000,0;;;;;20079;1454726;5667;174192;52;203;0;0;0;0;0;0;0;;0,25;0,25;0,50;0,00;0,00;0,00;13998,00;12573,00;13265,00;0,03;0,02;0,04;;0,25;0,25;0,50;0,00;0,00;0,00;1,00;0,00;0,00;1,27;1,29;0,82;0,25;0,00;0,32;0,32;1,00;0,79;0,77;
2.3.2015 02:30;000,6;000,0;;;;;20079;1454726;5667;174192;52;203;0;0;0;0;0;0;0;;0,25;0,25;0,50;0,00;0,00;0,00;14002,00;12564,00;13259,00;0,03;0,02;0,04;;0,25;0,25;0,50;0,00;0,00;0,00;1,00;0,00;0,00;1,27;1,29;0,82;0,25;0,00;0,32;0,32;1,00;0,79;0,77;
2.3.2015 02:45;000,7;000,0;;;;;20079;1454726;5667;174192;52;203;0;0;0;0;0;0;0;;0,25;0,25;0,25;0,00;0,00;0,00;13992,00;12569,00;13259,00;0,03;0,02;0,04;;0,25;0,25;0,50;0,00;0,00;0,43;1,00;0,00;0,43;1,27;1,29;0,70;0,25;0,00;0,32;0,32;1,00;0,79;0,77;
2.3.2015 03:00;000,6;000,0;;;;;20079;1454726;5667;174192;52;203;0;0;0;0;0;0;0;;0,25;0,25;0,50;0,00;0,00;0,00;13963,00;12571,00;13279,00;0,03;0,02;0,04;;0,25;0,25;0,50;0,00;0,00;0,00;1,00;0,00;0,00;1,27;1,29;0,82;0,25;0,00;0,32;0,32;1,00;0,79;0,77;
2.3.2015 03:15;000,5;000,0;;;;;20079;1454726;5667;174192;52;203;0;0;0;0;0;0;0;;0,25;0,25;0,25;0,00;0,00;0,00;13961,00;12555,00;13254,00;0,03;0,02;0,04;;0,25;0,25;0,50;0,00;0,00;0,43;1,00;0,00;0,43;1,27;1,29;0,69;0,25;0,00;0,32;0,32;1,00;0,79;0,77;
2.3.2015 03:30;000,7;000,0;;;;;20079;1454726;5667;174192;52;203;0;0;0;0;0;0;0;;0,25;0,25;0,25;0,00;0,00;0,00;13975,00;12566,00;13250,00;0,03;0,02;0,04;;0,25;0,25;0,50;0,00;0,00;0,43;1,00;0,00;0,43;1,27;1,29;0,70;0,25;0,00;0,32;0,32;1,00;0,79;0,77;
2.3.2015 03:45;000,6;000,0;;;;;20079;1454726;5667;174192;52;203;0;0;0;0;0;0;0;;0,25;0,25;0,25;0,00;0,00;0,00;13955,00;12558,00;13236,00;0,03;0,02;0,04;;0,25;0,25;0,50;0,00;0,00;0,43;1,00;0,00;0,43;1,27;1,29;0,69;0,25;0,00;0,32;0,32;1,00;0,79;0,77;
2.3.2015 04:00;000,7;000,0;;;;;20080;1454726;5667;174192;52;203;0;0;0;0;0;0;0;;0,25;0,25;0,25;0,00;0,00;0,00;13924,00;12547,00;13241,00;0,03;0,02;0,04;;0,25;0,25;0,50;0,00;0,00;0,43;1,00;0,00;0,43;1,26;1,29;0,69;0,25;0,00;0,32;0,32;1,00;0,79;0,77;
2.3.2015 04:15;000,6;000,0;;;;;20080;1454726;5667;174192;52;203;0;0;0;0;0;0;0;;0,75;1,50;0,75;0,00;0,00;0,00;13945,00;12534,00;13210,00;0,07;0,13;0,07;;0,75;1,50;1,00;0,00;0,00;0,66;3,25;0,00;0,66;3,56;3,75;1,76;0,81;0,00;0,89;0,94;1,00;0,91;0,87;
2.3.2015 04:30;000,6;000,0;;;;;20080;1454726;5667;174192;52;203;0;0;0;0;0;0;0;;0,75;1,50;0,75;0,00;0,00;0,00;13947,00;12531,00;13219,00;0,07;0,13;0,07;;0,75;1,50;1,00;0,00;0,00;0,66;3,25;0,00;0,66;3,57;3,75;1,76;0,81;0,00;0,89;0,94;1,00;0,91;0,87;
2.3.2015 04:45;000,6;000,0;;;;;20080;1454726;5667;174192;52;203;0;0;0;0;0;0;0;;0,75;1,50;0,75;0,00;0,00;0,00;13942,00;12523,00;13222,00;0,07;0,13;0,07;;0,75;1,50;1,00;0,00;0,00;0,66;3,25;0,00;0,66;3,56;3,75;1,76;0,81;0,00;0,89;0,94;1,00;0,91;0,87;
2.3.2015 05:00;000,7;000,0;;;;;20080;1454726;5667;174192;52;203;0;0;0;0;0;0;0;;0,75;1,50;0,75;0,00;0,00;0,00;13936,00;12504,00;13179,00;0,07;0,13;0,07;;0,75;1,50;0,75;0,00;0,00;0,00;3,25;0,00;0,00;3,56;3,75;1,86;0,81;0,00;0,89;0,94;1,00;0,91;0,87;
2.3.2015 05:15;000,7;000,0;;;;;20080;1454726;5667;174192;52;203;0;0;0;0;0;0;0;;0,75;1,50;0,75;0,00;0,00;0,00;13942,00;12515,00;13181,00;0,07;0,13;0,07;;0,75;1,50;0,75;0,00;0,00;0,00;3,25;0,00;0,00;3,56;3,75;1,87;0,81;0,00;0,89;0,94;1,00;0,91;0,87;
2.3.2015 05:30;000,6;000,0;;;;;20081;1454726;5667;174192;52;203;0;0;0;0;0;0;0;;0,75;1,50;0,75;0,00;0,00;0,00;13933,00;12511,00;13196,00;0,07;0,13;0,07;;0,75;1,50;1,00;0,00;0,00;0,66;3,25;0,00;0,66;3,56;3,75;1,75;0,81;0,00;0,89;0,94;1,00;0,91;0,87;
2.3.2015 05:45;000,6;000,0;;;;;20081;1454726;5667;174192;52;203;0;0;0;0;0;0;0;;0,25;0,25;0,25;0,00;0,00;0,00;13880,00;12510,00;13196,00;0,03;0,02;0,04;;0,25;0,25;0,50;0,00;0,00;0,43;1,00;0,00;0,43;1,23;1,25;0,60;0,25;0,00;0,31;0,31;1,00;0,81;0,80;
2.3.2015 06:00;000,5;000,0;;;;;20081;1454726;5667;174192;52;203;0;0;0;0;0;0;0;;0,25;0,25;0,25;0,00;0,00;0,00;13863,00;12450,00;13138,00;0,03;0,02;0,04;;0,25;0,25;0,50;0,00;0,00;0,43;1,00;0,00;0,43;1,22;1,24;0,60;0,25;0,00;0,31;0,31;1,00;0,82;0,81;
2.3.2015 06:15;000,4;000,0;;;;;20081;1454726;5667;174192;52;203;0;0;0;0;0;0;0;;0,25;0,25;0,25;0,00;0,00;0,00;13792,00;12367,00;13043,00;0,03;0,02;0,04;;0,25;0,25;0,50;0,00;0,00;0,43;1,00;0,00;0,43;1,22;1,23;0,58;0,25;0,00;0,30;0,31;1,00;0,82;0,81;
2.3.2015 06:30;000,6;000,0;;;;;20081;1454726;5667;174192;52;203;0;0;0;0;0;0;0;;0,25;0,25;0,25;0,00;0,00;0,00;13775,00;12331,00;12956,00;0,03;0,02;0,04;;0,25;0,25;0,50;0,00;0,00;0,43;1,00;0,00;0,43;1,21;1,23;0,57;0,25;0,00;0,30;0,31;1,00;0,83;0,81;
2.3.2015 06:45;000,5;000,0;;;;;20081;1454726;5667;174192;52;203;0;0;0;0;0;0;0;;0,75;1,50;0,75;0,00;0,00;0,00;13810,00;12444,00;13061,00;0,07;0,13;0,07;;0,75;1,50;0,75;0,00;0,00;0,00;3,25;0,00;0,00;3,50;3,69;1,75;0,81;0,00;0,88;0,92;1,00;0,93;0,88;
2.3.2015 07:00;000,6;000,0;;;;;20081;1454726;5667;174192;52;203;0;0;0;0;0;0;0;;0,25;0,25;0,25;0,00;0,00;0,00;13851,00;12491,00;13112,00;0,03;0,02;0,04;;0,25;0,25;0,50;0,00;0,00;0,43;1,00;0,00;0,43;1,26;1,28;0,68;0,25;0,00;0,31;0,32;1,00;0,80;0,78;
2.3.2015 07:15;000,3;000,5;;;;;20081;1454726;5668;174192;52;203;0;0;0;0;0;0;0;;-0,75;-1,00;-0,50;1,00;0,50;0,50;13805,00;12446,00;13086,00;0,12;0,12;0,10;;1,50;1,50;1,25;0,83;1,00;1,03;-2,75;2,25;2,86;4,52;4,54;NaN;-0,69;0,56;1,13;1,14;0,68;-0,61;-0,61;
2.3.2015 07:30;000,1;000,8;;;;;20082;1454726;5668;174192;52;203;0;0;0;0;0;0;0;;-1,75;-1,75;-1,50;1,00;0,50;0,75;13835,00;12455,00;13078,00;0,16;0,16;0,14;;2,00;2,00;1,75;nan;0,83;0,50;-5,25;2,50;nan;6,10;6,12;NaN;-1,31;0,62;1,53;1,53;0,89;-0,86;-0,86;
2.3.2015 07:45;000,0;003,0;;;;;20082;1454727;5668;174193;52;203;0;0;0;0;0;0;0;;-6,25;-6,00;-5,75;1,00;0,50;1,00;13824,00;12495,00;13057,00;0,48;0,49;0,47;;6,50;6,00;6,00;1,48;nan;1,39;-18,25;2,75;nan;18,80;18,82;NaN;-4,56;0,69;4,70;4,71;0,99;-0,97;-0,97;
2.3.2015 08:00;000,0;005,7;;;;;20082;1454728;5668;174193;52;203;0;0;0;0;0;0;0;;-2,75;-2,50;-2,25;0,75;0,50;1,00;13858,00;12527,00;13104,00;0,23;0,22;0,21;;3,00;2,75;2,75;0,94;1,03;1,22;-7,75;2,50;3,19;8,69;8,70;NaN;-1,94;0,62;2,17;2,17;0,95;-0,89;-0,89;
2.3.2015 08:15;000,0;003,3;;;;;20082;1454729;5668;174193;52;203;0;0;0;0;0;0;0;;-3,50;-3,25;-3,00;1,00;0,50;1,00;13786,00;12461,00;13028,00;0,27;0,28;0,26;;3,75;3,50;3,25;0,90;1,20;0,75;-10,00;2,50;2,85;10,67;10,68;NaN;-2,50;0,62;2,67;2,67;0,97;-0,94;-0,94;
2.3.2015 08:30;000,0;006,4;;;;;20082;1454731;5668;174193;52;203;0;0;0;0;0;0;0;;-6,50;-6,00;-6,00;1,00;0,50;1,00;13760,00;12484,00;12995,00;0,48;0,50;0,48;;6,50;6,00;6,00;nan;nan;nan;-18,50;2,75;nan;19,06;19,08;NaN;-4,62;0,69;4,76;4,77;0,99;-0,97;-0,97;
2.3.2015 08:45;000,0;009,7;;;;;20082;1454733;5668;174194;52;203;0;0;0;0;0;0;0;;-11,50;-10,50;-10,50;1,00;0,50;1,75;13761,00;12435,00;12991,00;0,85;0,85;0,84;;11,50;10,50;10,75;nan;nan;1,50;-32,75;3,50;nan;33,11;33,14;NaN;-8,19;0,88;8,28;8,29;0,99;-0,99;-0,99;
2.3.2015 09:00;000,0;011,3;;;;;20082;1454736;5668;174194;52;203;0;0;0;0;0;0;0;;-7,25;-6,50;-6,50;1,00;0,50;1,25;13793,00;12388,00;12997,00;0,54;0,55;0,53;;7,25;6,75;6,75;nan;1,75;1,32;-20,75;3,00;nan;21,15;21,18;NaN;-5,19;0,75;5,29;5,29;0,99;-0,98;-0,98;
2.3.2015 09:15;000,0;008,3;;;;;20082;1454738;5668;174194;52;203;0;0;0;0;0;0;0;;-6,25;-5,75;-5,75;0,75;0,50;1,00;13806,00;12401,00;12952,00;0,47;0,48;0,47;;6,25;5,75;6,00;nan;nan;1,39;-17,75;2,75;nan;18,40;18,42;NaN;-4,44;0,69;4,60;4,61;0,99;-0,96;-0,96;
2.3.2015 09:30;000,0;003,8;;;;;20082;1454739;5668;174195;52;203;0;0;0;0;0;0;0;;-3,75;-3,25;-3,25;0,75;0,50;1,00;13784,00;12428,00;12959,00;0,29;0,29;0,28;;4,00;3,50;3,50;1,17;1,20;0,83;-10,50;2,50;3,20;11,26;11,27;0,60;-2,62;0,62;2,82;2,82;0,97;-0,93;-0,93;
2.3.2015 09:45;000,0;006,5;;;;;20082;1454741;5668;174195;52;203;0;0;0;0;0;0;0;;-6,00;-4,50;-5,50;0,00;0,75;1,75;13748,00;12432,00;12916,00;0,45;0,39;0,46;;6,00;4,75;5,75;0,00;1,32;nan;-16,25;2,50;nan;16,94;16,97;NaN;-4,06;0,62;4,24;4,24;0,99;-0,96;-0,96;
2.3.2015 10:00;000,0;003,8;;;;;20082;1454742;5668;174195;52;203;0;0;0;0;0;0;0;;-5,00;-4,75;-4,50;1,00;0,50;1,00;13747,00;12461,00;12958,00;0,39;0,40;0,38;;5,25;4,75;4,75;1,25;nan;1,15;-14,50;2,75;nan;15,24;15,26;NaN;-3,62;0,69;3,81;3,81;0,98;-0,95;-0,95;
2.3.2015 10:15;000,0;007,6;;;;;20082;1454744;5668;174195;52;203;0;0;0;0;0;0;0;;-10,25;-9,50;-9,50;1,00;0,50;1,50;13787,00;12449,00;12992,00;0,75;0,76;0,75;;10,25;9,50;9,75;nan;nan;1,60;-29,25;3,25;nan;29,68;29,71;NaN;-7,31;0,81;7,42;7,43;0,99;-0,99;-0,98;
2.3.2015 10:30;000,0;015,6;;;;;20082;1454748;5668;174196;52;203;0;0;0;0;0;0;0;;-17,75;-16,00;-16,50;1,00;0,50;2,25;13866,00;12411,00;13036,00;1,29;1,30;1,29;;17,75;16,00;16,75;nan;nan;1,80;-50,50;4,25;nan;50,90;50,96;NaN;-12,62;1,06;12,73;12,74;1,00;-0,99;-0,99;
2.3.2015 10:45;000,0;027,2;;;;;20082;1454754;5668;174196;52;203;0;0;0;0;0;0;0;;-21,00;-18,75;-19,50;1,25;0,50;2,75;13888,00;12400,00;13105,00;1,52;1,53;1,51;;21,00;18,75;19,75;nan;nan;1,50;-59,50;4,75;nan;59,87;59,94;NaN;-14,88;1,19;14,97;14,99;1,00;-0,99;-0,99;
2.3.2015 11:00;000,0;018,2;;;;;20082;1454759;5668;174197;52;203;0;0;0;0;0;0;0;;-15,50;-13,75;-14,25;1,00;0,50;2,25;13813,00;12363,00;13087,00;1,13;1,13;1,11;;15,50;14,00;14,50;nan;2,59;1,46;-43,75;4,00;nan;44,14;44,19;NaN;-10,94;1,00;11,03;11,05;1,00;-0,99;-0,99;
2.3.2015 11:15;000,0;024,9;;;;;20082;1454765;5668;174197;52;203;0;0;0;0;0;0;0;;-18,75;-16,75;-17,25;1,25;0,75;2,50;13831,00;12342,00;13037,00;1,36;1,37;1,35;;18,75;16,75;17,50;nan;nan;1,56;-53,00;4,50;nan;53,32;53,38;NaN;-13,25;1,12;13,33;13,35;1,00;-0,99;-0,99;
2.3.2015 11:30;000,0;022,4;;;;;20082;1454771;5668;174198;52;203;0;0;0;0;0;0;0;;-21,50;-19,25;-20,00;1,25;0,75;2,75;13800,00;12355,00;13057,00;1,56;1,56;1,55;;21,50;19,25;20,25;nan;nan;1,58;-60,75;5,00;nan;61,17;61,23;NaN;-15,19;1,25;15,29;15,31;1,00;-0,99;-0,99;
2.3.2015 11:45;000,0;020,5;;;;;20082;1454776;5668;174198;52;203;0;0;0;0;0;0;0;;-14,50;-13,00;-13,50;0,75;0,50;2,00;13806,00;12349,00;13058,00;1,06;1,07;1,06;;14,50;13,00;13,75;nan;nan;1,68;-41,25;3,75;nan;41,66;41,71;NaN;-10,31;0,94;10,42;10,43;1,00;-0,99;-0,99;
2.3.2015 12:00;000,0;016,6;;;;;20082;1454780;5668;174199;52;203;0;0;0;0;0;0;0;;-10,25;-8,50;-9,50;0,00;0,75;2,25;13830,00;12372,00;13077,00;0,75;0,69;0,76;;10,25;8,50;9,75;0,00;nan;nan;-28,50;3,00;nan;28,88;28,89;NaN;-7,12;0,75;7,22;7,22;0,99;-0,99;-0,99;
2.3.2015 12:15;000,0;013,3;;;;;20082;1454783;5668;174199;52;203;0;0;0;0;0;0;0;;-10,00;-9,00;-9,25;1,00;0,50;1,50;13826,00;12337,00;13042,00;0,74;0,75;0,73;;10,00;9,25;9,50;nan;2,08;1,56;-28,50;3,25;nan;28,90;28,95;NaN;-7,12;0,81;7,23;7,24;0,99;-0,99;-0,98;
2.3.2015 12:30;000,0;011,1;;;;;20082;1454786;5668;174199;52;203;0;0;0;0;0;0;0;;-10,00;-8,25;-9,25;0,00;0,50;2,00;13822,00;12354,00;13062,00;0,74;0,68;0,74;;10,00;8,25;9,50;0,00;nan;0,83;-28,00;2,75;nan;28,35;28,36;NaN;-7,00;0,69;7,09;7,09;1,00;-0,99;-0,99;
2.3.2015 12:45;000,0;019,5;;;;;20082;1454791;5668;174200;52;203;0;0;0;0;0;0;0;;-14,50;-13,00;-13,50;1,00;0,50;2,00;13836,00;12371,00;13061,00;1,06;1,07;1,05;;14,50;13,00;13,50;nan;nan;nan;-41,25;3,75;nan;41,55;41,60;NaN;-10,31;0,94;10,39;10,40;1,00;-0,99;-0,99;
2.3.2015 13:00;000,0;016,1;;;;;20082;1454795;5668;174200;52;203;0;0;0;0;0;0;0;;-15,25;-13,75;-14,25;1,00;0,75;2,00;13824,00;12327,00;13026,00;1,12;1,13;1,12;;15,25;13,75;14,50;nan;nan;1,79;-43,50;4,00;nan;43,90;43,96;NaN;-10,88;1,00;10,97;10,99;1,00;-0,99;-0,99;
2.3.2015 13:15;000,0;013,5;;;;;20082;1454798;5668;174200;52;203;0;0;0;0;0;0;0;;-11,25;-10,25;-10,50;1,00;0,50;1,50;13818,00;12344,00;13077,00;0,83;0,85;0,83;;11,50;10,25;10,75;2,17;nan;1,75;-32,25;3,50;nan;32,75;32,80;NaN;-8,06;0,88;8,19;8,20;0,99;-0,98;-0,98;
2.3.2015 13:30;000,0;008,2;;;;;20082;1454800;5668;174201;52;203;0;0;0;0;0;0;0;;-5,25;-4,50;-4,75;0,50;0,75;1,50;13830,00;12323,00;13042,00;0,40;0,38;0,41;;5,50;4,50;5,25;1,56;nan;1,66;-14,75;3,00;nan;15,53;15,54;NaN;-3,69;0,75;3,88;3,88;0,98;-0,95;-0,95;
2.3.2015 13:45;000,0;009,0;;;;;20082;1454803;5668;174201;52;203;0;0;0;0;0;0;0;;-9,25;-8,25;-8,50;1,00;0,50;1,25;13811,00;12358,00;13041,00;0,68;0,69;0,67;;9,25;8,50;8,50;nan;1,98;nan;-26,25;3,00;nan;26,52;26,56;NaN;-6,56;0,75;6,63;6,64;0,99;-0,99;-0,99;
2.3.2015 14:00;000,0;010,5;;;;;20082;1454805;5668;174201;52;203;0;0;0;0;0;0;0;;-11,75;-10,75;-10,75;1,00;0,50;1,50;13854,00;12381,00;13074,00;0,86;0,88;0,85;;11,75;10,75;11,00;nan;nan;1,79;-33,50;3,50;nan;33,82;33,88;NaN;-8,38;0,88;8,46;8,47;0,99;-0,99;-0,99;
2.3.2015 14:15;000,0;008,9;;;;;20082;1454807;5668;174202;52;203;0;0;0;0;0;0;0;;-6,75;-6,25;-6,00;1,00;0,50;1,25;13813,00;12416,00;13106,00;0,50;0,51;0,49;;6,75;6,25;6,25;nan;nan;1,22;-19,00;2,75;nan;19,63;19,66;NaN;-4,75;0,69;4,91;4,91;0,99;-0,97;-0,97;
2.3.2015 14:30;000,0;003,2;;;;;20082;1454808;5668;174202;52;203;0;0;0;0;0;0;0;;-1,50;-1,50;-1,25;1,00;0,50;0,75;13856,00;12453,00;13038,00;0,15;0,16;0,13;;2,00;1,75;1,50;0,87;0,75;0,35;-4,50;2,25;1,97;5,77;5,80;2,10;-1,12;0,56;1,44;1,45;0,88;-0,78;-0,78;
2.3.2015 14:45;000,0;001,8;;;;;20082;1454809;5668;174202;52;203;0;0;0;0;0;0;0;;-2,25;-2,25;-1,75;1,00;0,50;0,75;13752,00;12554,00;12994,00;0,20;0,20;0,17;;2,75;2,50;2,00;1,22;0,97;0,61;-6,75;2,50;2,81;7,47;7,49;NaN;-1,69;0,62;1,87;1,87;0,93;-0,90;-0,90;
2.3.2015 15:00;000,0;004,7;;;;;20082;1454810;5668;174202;52;203;0;0;0;0;0;0;0;;-4,75;-4,50;-4,00;1,00;0,50;1,00;13776,00;12586,00;12989,00;0,36;0,37;0,34;;4,75;4,50;4,25;nan;nan;1,03;-13,50;2,75;nan;14,10;14,12;NaN;-3,38;0,69;3,52;3,53;0,98;-0,96;-0,96;
2.3.2015 15:15;000,0;007,5;;;;;20082;1454812;5668;174203;52;203;0;0;0;0;0;0;0;;-5,75;-5,50;-5,25;1,00;0,50;1,00;13787,00;12533,00;13012,00;0,44;0,45;0,43;;6,00;5,50;5,50;1,39;nan;1,30;-16,75;2,75;nan;17,40;17,42;NaN;-4,19;0,69;4,35;4,36;0,99;-0,96;-0,96;
2.3.2015 15:30;000,0;003,5;;;;;20082;1454813;5668;174203;52;203;0;0;0;0;0;0;0;;-0,25;-0,50;0,00;1,00;0,50;0,50;13804,00;12493,00;13052,00;0,11;0,10;0,09;;1,50;1,25;1,25;1,09;1,03;1,15;-1,00;2,25;3,27;4,07;4,08;NaN;-0,25;0,56;1,02;1,02;-0,63;-0,25;-0,25;
2.3.2015 15:45;000,0;009,1;;;;;20082;1454815;5668;174203;52;203;0;0;0;0;0;0;0;;-24,50;-22,00;-22,75;1,50;0,75;3,00;13868,00;12513,00;13104,00;1,77;1,78;1,76;;24,50;22,00;23,00;nan;nan;1,56;-69,50;5,50;nan;69,89;69,95;NaN;-17,38;1,38;17,47;17,49;1,00;-0,99;-0,99;
2.3.2015 16:00;000,0;018,1;;;;;20082;1454819;5668;174204;52;203;0;0;0;0;0;0;0;;-13,00;-11,75;-12,00;1,00;0,50;1,75;13898,00;12460,00;13132,00;0,95;0,95;0,94;;13,00;11,75;12,25;nan;nan;1,73;-37,25;3,50;nan;37,48;37,52;NaN;-9,31;0,88;9,37;9,38;1,00;-0,99;-0,99;
2.3.2015 16:15;000,0;008,1;;;;;20082;1454821;5668;174204;52;203;0;0;0;0;0;0;0;;-8,50;-7,75;-7,75;1,00;0,50;1,50;13945,00;12456,00;13156,00;0,63;0,64;0,62;;8,75;8,00;8,00;1,82;1,92;1,30;-24,50;3,00;5,04;24,98;25,02;NaN;-6,12;0,75;6,24;6,25;0,99;-0,98;-0,98;
2.3.2015 16:30;000,0;009,7;;;;;20082;1454824;5668;174204;52;203;0;0;0;0;0;0;0;;-5,25;-4,75;-4,75;1,00;0,50;1,00;13953,00;12472,00;13205,00;0,39;0,41;0,38;;5,25;5,00;5,00;nan;1,48;1,20;-15,00;2,75;nan;15,64;15,67;NaN;-3,75;0,69;3,91;3,92;0,98;-0,96;-0,96;
2.3.2015 16:45;000,0;008,0;;;;;20082;1454826;5668;174205;52;203;0;0;0;0;0;0;0;;-5,75;-5,25;-5,25;1,00;0,50;1,25;13967,00;12481,00;13217,00;0,43;0,44;0,42;;6,00;5,25;5,50;1,39;nan;1,06;-16,25;3,00;nan;16,98;17,01;NaN;-4,06;0,75;4,25;4,25;0,98;-0,96;-0,96;
2.3.2015 17:00;000,0;002,4;;;;;20082;1454826;5668;174205;52;203;0;0;0;0;0;0;0;;-2,00;-1,75;-1,50;1,00;0,50;0,75;14013,00;12514,00;13244,00;0,17;0,17;0,14;;2,25;2,00;1,75;0,25;0,83;0,50;-5,50;2,50;1,58;6,39;6,42;1,51;-1,38;0,62;1,60;1,61;0,90;-0,86;-0,86;
2.3.2015 17:15;000,1;000,4;;;;;20082;1454827;5668;174205;52;203;0;0;0;0;0;0;0;;0,25;0,25;0,25;0,00;0,00;0,00;13925,00;12478,00;13194,00;0,03;0,02;0,04;;0,25;0,25;0,50;0,00;0,00;0,43;1,00;0,00;0,43;1,26;1,29;0,68;0,25;0,00;0,32;0,32;1,00;0,79;0,78;
2.3.2015 17:30;000,5;000,0;;;;;20082;1454827;5668;174205;52;203;0;0;0;0;0;0;0;;0,25;0,25;0,50;0,00;0,00;0,00;13944,00;12473,00;13213,00;0,03;0,02;0,04;;0,25;0,25;0,50;0,00;0,00;0,00;1,00;0,00;0,00;1,26;1,29;0,81;0,25;0,00;0,32;0,32;1,00;0,79;0,78;
2.3.2015 17:45;000,5;000,0;;;;;20082;1454827;5668;174205;52;203;0;0;0;0;0;0;0;;0,25;0,25;0,25;0,00;0,00;0,00;13936,00;12469,00;13192,00;0,03;0,02;0,04;;0,25;0,25;0,50;0,00;0,00;0,43;1,00;0,00;0,43;1,26;1,29;0,68;0,25;0,00;0,32;0,32;1,00;0,79;0,78;
2.3.2015 18:00;000,5;000,0;;;;;20082;1454827;5668;174205;52;203;0;0;0;0;0;0;0;;0,25;0,25;0,25;0,00;0,00;0,00;14013,00;12492,00;13177,00;0,03;0,02;0,04;;0,25;0,25;0,50;0,00;0,00;0,43;1,00;0,00;0,43;1,26;1,29;0,69;0,25;0,00;0,32;0,32;1,00;0,79;0,78;
2.3.2015 18:15;000,6;000,0;;;;;20082;1454827;5668;174205;52;203;0;0;0;0;0;0;0;;0,25;0,25;0,25;0,00;0,00;0,00;13949,00;12463,00;13147,00;0,03;0,02;0,04;;0,25;0,25;0,50;0,00;0,00;0,43;1,00;0,00;0,43;1,26;1,29;0,68;0,25;0,00;0,31;0,32;1,00;0,79;0,78;
2.3.2015 18:30;000,4;000,0;;;;;20082;1454827;5668;174205;52;203;0;0;0;0;0;0;0;;0,25;0,25;0,25;0,00;0,00;0,00;13901,00;12445,00;13203,00;0,03;0,02;0,04;;0,25;0,25;0,50;0,00;0,00;0,43;1,00;0,00;0,43;1,23;1,25;0,60;0,25;0,00;0,31;0,31;1,00;0,82;0,80;
2.3.2015 18:45;000,5;000,0;;;;;20082;1454827;5668;174205;52;203;0;0;0;0;0;0;0;;0,25;0,25;0,25;0,00;0,00;0,00;13911,00;12434,00;13195,00;0,03;0,02;0,04;;0,25;0,25;0,50;0,00;0,00;0,43;1,00;0,00;0,43;1,26;1,29;0,68;0,25;0,00;0,31;0,32;1,00;0,79;0,78;
2.3.2015 19:00;000,5;000,0;;;;;20082;1454827;5668;174205;52;203;0;0;0;0;0;0;0;;0,25;0,25;0,25;0,00;0,00;0,00;13952,00;12455,00;13187,00;0,03;0,02;0,04;;0,25;0,25;0,50;0,00;0,00;0,43;1,00;0,00;0,43;1,23;1,25;0,61;0,25;0,00;0,31;0,31;1,00;0,81;0,80;
2.3.2015 19:15;000,5;000,0;;;;;20083;1454827;5668;174205;52;203;0;0;0;0;0;0;0;;0,25;0,25;0,25;0,00;0,00;0,00;13947,00;12471,00;13211,00;0,03;0,02;0,04;;0,25;0,25;0,50;0,00;0,00;0,43;1,00;0,00;0,43;1,23;1,25;0,61;0,25;0,00;0,31;0,31;1,00;0,81;0,80;
2.3.2015 19:30;000,5;000,0;;;;;20083;1454827;5668;174205;52;203;0;0;0;0;0;0;0;;0,75;1,50;0,75;0,00;0,00;0,00;13968,00;12468,00;13209,00;0,07;0,13;0,07;;1,00;1,50;1,00;0,66;0,00;0,66;3,25;0,00;1,32;3,56;3,75;1,32;0,81;0,00;0,89;0,94;1,00;0,91;0,87;
2.3.2015 19:45;000,6;000,0;;;;;20083;1454827;5668;174205;52;203;0;0;0;0;0;0;0;;0,25;0,25;0,25;0,00;0,00;0,00;13971,00;12490,00;13220,00;0,03;0,02;0,04;;0,25;0,25;0,50;0,00;0,00;0,43;1,00;0,00;0,43;1,26;1,29;0,69;0,25;0,00;0,32;0,32;1,00;0,79;0,78;
2.3.2015 20:00;000,5;000,0;;;;;20083;1454827;5668;174205;52;203;0;0;0;0;0;0;0;;0,25;0,25;0,25;0,00;0,00;0,00;13968,00;12467,00;13192,00;0,03;0,02;0,04;;0,25;0,25;0,50;0,00;0,00;0,43;1,00;0,00;0,43;1,23;1,25;0,61;0,25;0,00;0,31;0,31;1,00;0,81;0,80;
2.3.2015 20:15;000,5;000,0;;;;;20083;1454827;5668;174205;52;203;0;0;0;0;0;0;0;;0,25;0,25;0,50;0,00;0,00;0,00;14068,00;12506,00;13248,00;0,03;0,02;0,04;;0,25;0,25;0,50;0,00;0,00;0,00;1,00;0,00;0,00;1,27;1,29;0,82;0,25;0,00;0,32;0,32;1,00;0,79;0,77;
2.3.2015 20:30;000,6;000,0;;;;;20083;1454827;5668;174205;52;203;0;0;0;0;0;0;0;;0,25;0,25;0,50;0,00;0,00;0,00;14061,00;12471,00;13232,00;0,03;0,02;0,04;;0,25;0,25;0,50;0,00;0,00;0,00;1,00;0,00;0,00;1,27;1,29;0,82;0,25;0,00;0,32;0,32;1,00;0,79;0,77;
2.3.2015 20:45;000,5;000,0;;;;;20083;1454827;5668;174205;52;203;0;0;0;0;0;0;0;;0,25;0,25;0,25;0,00;0,00;0,00;14018,00;12474,00;13235,00;0,03;0,02;0,04;;0,25;0,25;0,50;0,00;0,00;0,43;1,00;0,00;0,43;1,27;1,29;0,69;0,25;0,00;0,32;0,32;1,00;0,79;0,77;
2.3.2015 21:00;000,6;000,0;;;;;20083;1454827;5668;174205;52;203;0;0;0;0;0;0;0;;0,25;0,25;0,50;0,00;0,00;0,00;14009,00;12496,00;13257,00;0,03;0,02;0,04;;0,25;0,25;0,50;0,00;0,00;0,00;1,00;0,00;0,00;1,27;1,29;0,82;0,25;0,00;0,32;0,32;1,00;0,79;0,77;
2.3.2015 21:15;000,9;000,0;;;;;20084;1454827;5668;174205;52;203;0;0;0;0;0;0;0;;0,25;0,25;0,50;0,00;0,00;0,00;14032,00;12566,00;13345,00;0,03;0,02;0,04;;0,25;0,25;0,50;0,00;0,00;0,00;1,00;0,00;0,00;1,27;1,30;0,83;0,25;0,00;0,32;0,32;1,00;0,79;0,77;
2.3.2015 21:30;000,7;000,0;;;;;20084;1454827;5668;174205;52;203;0;0;0;0;0;0;0;;0,25;0,25;0,50;0,00;0,00;0,00;14092,00;12572,00;13333,00;0,03;0,02;0,04;;0,25;0,25;0,50;0,00;0,00;0,00;1,00;0,00;0,00;1,27;1,30;0,83;0,25;0,00;0,32;0,33;1,00;0,78;0,77;
2.3.2015 21:45;000,9;000,0;;;;;20084;1454827;5668;174205;52;203;0;0;0;0;0;0;0;;0,25;0,25;0,50;0,00;0,00;0,00;14105,00;12563,00;13312,00;0,03;0,02;0,04;;0,25;0,25;0,50;0,00;0,00;0,00;1,00;0,00;0,00;1,27;1,30;0,83;0,25;0,00;0,32;0,32;1,00;0,79;0,77;
2.3.2015 22:00;001,0;000,0;;;;;20084;1454827;5668;174205;52;203;0;0;0;0;0;0;0;;0,25;0,25;0,50;0,00;0,00;0,00;14107,00;12565,00;13286,00;0,04;0,02;0,04;;0,25;0,25;0,50;0,00;0,00;0,00;1,00;0,00;0,00;1,31;1,33;0,88;0,25;0,00;0,33;0,33;1,00;0,76;0,75;
2.3.2015 22:15;001,0;000,0;;;;;20085;1454827;5668;174205;52;203;0;0;0;0;0;0;0;;0,25;0,25;0,50;0,00;0,00;0,00;14123,00;12588,00;13317,00;0,04;0,02;0,04;;0,50;0,25;0,50;0,43;0,00;0,00;1,00;0,00;0,43;1,31;1,34;0,77;0,25;0,00;0,33;0,33;1,00;0,76;0,75;
2.3.2015 22:30;001,1;000,0;;;;;20085;1454827;5668;174205;52;203;0;0;0;0;0;0;0;;0,75;1,50;0,75;0,00;0,00;0,00;14082,00;12585,00;13342,00;0,07;0,13;0,08;;0,75;1,50;1,00;0,00;0,00;0,66;3,25;0,00;0,66;3,62;3,81;1,88;0,81;0,00;0,91;0,95;1,00;0,90;0,85;
2.3.2015 22:45;001,1;000,0;;;;;20085;1454827;5668;174205;52;203;0;0;0;0;0;0;0;;0,75;1,50;0,75;0,00;0,00;0,00;14126,00;12596,00;13338,00;0,07;0,13;0,08;;0,75;1,50;1,00;0,00;0,00;0,66;3,25;0,00;0,66;3,63;3,82;1,89;0,81;0,00;0,91;0,95;1,00;0,90;0,85;
2.3.2015 23:00;001,2;000,0;;;;;20085;1454827;5668;174205;52;203;0;0;0;0;0;0;0;;0,25;0,25;0,50;0,00;0,00;0,00;14084,00;12573,00;13280,00;0,03;0,02;0,04;;0,25;0,25;0,50;0,00;0,00;0,00;1,00;0,00;0,00;1,27;1,30;0,83;0,25;0,00;0,32;0,32;1,00;0,79;0,77;
2.3.2015 23:15;001,2;000,0;;;;;20086;1454827;5668;174205;52;203;0;0;0;0;0;0;0;;0,75;1,50;0,75;0,00;0,00;0,00;14053,00;12594,00;13351,00;0,07;0,13;0,08;;0,75;1,50;1,00;0,00;0,00;0,66;3,25;0,00;0,66;3,62;3,81;1,87;0,81;0,00;0,91;0,95;1,00;0,90;0,85;
2.3.2015 23:30;001,4;000,0;;;;;20086;1454827;5668;174205;52;203;0;0;0;0;0;0;0;;0,75;1,50;0,75;0,00;0,00;0,00;14163,00;12610,00;13291,00;0,07;0,13;0,08;;1,00;1,50;1,00;0,66;0,00;0,66;3,25;0,00;1,32;3,63;3,82;1,50;0,81;0,00;0,91;0,95;1,00;0,90;0,85;
2.3.2015 23:45;001,2;000,0;;;;;20086;1454827;5668;174205;52;203;0;0;0;0;0;0;0;;0,75;1,50;0,75;0,00;0,00;0,00;14169,00;12635,00;13344,00;0,07;0,13;0,08;;1,00;1,50;1,00;0,66;0,00;0,66;3,25;0,00;1,32;3,64;3,82;1,52;0,81;0,00;0,91;0,96;1,00;0,89;0,85;
3.3.2015 00:00;001,0;000,0;;;;;20087;1454827;5668;174205;52;203;0;0;0;0;0;0;0;;0,25;0,25;0,50;0,00;0,00;0,00;14099,00;12630,00;13371,00;0,04;0,02;0,04;;0,50;0,25;0,50;0,43;0,00;0,00;1,25;0,00;0,43;1,31;1,34;0,20;0,31;0,00;0,33;0,33;1,00;0,95;0,93;
3.3.2015 00:15;001,1;000,0;;;;;20087;1454827;5668;174205;52;203;0;0;0;0;0;0;0;;0,75;1,50;0,75;0,00;0,00;0,00;14068,00;12604,00;13370,00;0,07;0,13;0,08;;0,75;1,50;1,00;0,00;0,00;0,66;3,25;0,00;0,66;3,63;3,81;1,88;0,81;0,00;0,91;0,95;1,00;0,90;0,85;
3.3.2015 00:30;001,4;000,0;;;;;20087;1454827;5668;174205;52;203;0;0;0;0;0;0;0;;0,75;1,50;0,75;0,00;0,00;0,00;14062,00;12597,00;13323,00;0,07;0,13;0,07;;0,75;1,50;1,00;0,00;0,00;0,66;3,25;0,00;0,66;3,59;3,78;1,82;0,81;0,00;0,90;0,95;1,00;0,91;0,86;
3.3.2015 00:45;001,1;000,0;;;;;20088;1454827;5668;174205;52;203;0;0;0;0;0;0;0;;0,75;1,50;0,75;0,00;0,00;0,00;14134,00;12625,00;13352,00;0,07;0,13;0,08;;1,00;1,50;1,00;0,66;0,00;0,66;3,25;0,00;1,32;3,63;3,82;1,51;0,81;0,00;0,91;0,96;1,00;0,89;0,85;
3.3.2015 01:00;001,2;000,0;;;;;20088;1454827;5668;174205;52;203;0;0;0;0;0;0;0;;0,75;1,50;0,75;0,00;0,00;0,00;14067,00;12618,00;13359,00;0,07;0,13;0,08;;0,75;1,50;1,00;0,00;0,00;0,66;3,25;0,00;0,66;3,63;3,81;1,88;0,81;0,00;0,91;0,95;1,00;0,90;0,85;
3.3.2015 01:15;001,4;000,0;;;;;20088;1454827;5668;174205;52;203;0;0;0;0;0;0;0;;0,75;1,50;0,75;0,00;0,00;0,00;14054,00;12638,00;13412,00;0,07;0,13;0,08;;0,75;1,50;1,00;0,00;0,00;0,66;3,25;0,00;0,66;3,63;3,82;1,89;0,81;0,00;0,91;0,95;1,00;0,89;0,85;
3.3.2015 01:30;000,8;000,0;;;;;20088;1454827;5668;174205;52;203;0;0;0;0;0;0;0;;0,75;1,50;0,75;0,00;0,00;0,00;14110,00;12644,00;13401,00;0,07;0,13;0,08;;0,75;1,50;1,00;0,00;0,00;0,66;3,25;0,00;0,66;3,64;3,82;1,90;0,81;0,00;0,91;0,96;1,00;0,89;0,85;
3.3.2015 01:45;001,4;000,0;;;;;20089;1454827;5668;174205;52;203;0;0;0;0;0;0;0;;0,75;1,50;0,75;0,00;0,00;0,00;14119,00;12662,00;13429,00;0,07;0,13;0,08;;0,75;1,50;1,00;0,00;0,00;0,66;3,25;0,00;0,66;3,64;3,83;1,92;0,81;0,00;0,91;0,96;1,00;0,89;0,85;
3.3.2015 02:00;001,3;000,0;;;;;20089;1454827;5668;174205;52;203;0;0;0;0;0;0;0;;0,75;1,50;0,75;0,00;0,00;0,00;14138,00;12659,00;13421,00;0,07;0,13;0,08;;0,75;1,50;1,00;0,00;0,00;0,66;3,25;0,00;0,66;3,64;3,83;1,92;0,81;0,00;0,91;0,96;1,00;0,89;0,85;
3.3.2015 02:15;001,4;000,0;;;;;20089;1454827;5668;174205;52;203;0;0;0;0;0;0;0;;0,75;1,50;0,75;0,00;0,00;0,00;14135,00;12664,00;13430,00;0,07;0,13;0,08;;0,75;1,50;1,00;0,00;0,00;0,66;3,25;0,00;0,66;3,64;3,83;1,92;0,81;0,00;0,91;0,96;1,00;0,89;0,85;
3.3.2015 02:30;001,2;000,0;;;;;20090;1454827;5668;174205;52;203;0;0;0;0;0;0;0;;0,75;1,50;0,75;0,00;0,00;0,00;14151,00;12650,00;13405,00;0,07;0,13;0,08;;0,75;1,50;1,00;0,00;0,00;0,66;3,25;0,00;0,66;3,64;3,83;1,91;0,81;0,00;0,91;0,96;1,00;0,89;0,85;
3.3.2015 02:45;001,3;000,0;;;;;20090;1454827;5668;174205;52;203;0;0;0;0;0;0;0;;0,75;1,50;0,75;0,00;0,00;0,00;14139,00;12657,00;13434,00;0,07;0,13;0,08;;0,75;1,50;1,00;0,00;0,00;0,66;3,25;0,00;0,66;3,64;3,83;1,92;0,81;0,00;0,91;0,96;1,00;0,89;0,85;
3.3.2015 03:00;001,1;000,0;;;;;20090;1454827;5668;174205;52;203;0;0;0;0;0;0;0;;0,25;0,25;0,50;0,00;0,00;0,00;14116,00;12636,00;13399,00;0,04;0,02;0,04;;0,50;0,25;0,50;0,43;0,00;0,00;1,25;0,00;0,43;1,31;1,34;0,21;0,31;0,00;0,33;0,33;1,00;0,95;0,93;
3.3.2015 03:15;001,1;000,0;;;;;20091;1454827;5668;174205;52;203;0;0;0;0;0;0;0;;0,25;0,25;0,50;0,00;0,00;0,00;14146,00;12650,00;13393,00;0,04;0,02;0,04;;0,50;0,25;0,50;0,43;0,00;0,00;1,25;0,00;0,43;1,32;1,34;0,22;0,31;0,00;0,33;0,34;1,00;0,95;0,93;
3.3.2015 03:30;001,1;000,0;;;;;20091;1454827;5668;174205;52;203;0;0;0;0;0;0;0;;0,75;1,50;0,75;0,00;0,00;0,00;14114,00;12644,00;13424,00;0,07;0,13;0,08;;0,75;1,50;1,00;0,00;0,00;0,66;3,25;0,00;0,66;3,64;3,83;1,91;0,81;0,00;0,91;0,96;1,00;0,89;0,85;
3.3.2015 03:45;000,9;000,0;;;;;20091;1454827;5668;174205;52;203;0;0;0;0;0;0;0;;0,25;0,25;0,50;0,00;0,00;0,00;14113,00;12667,00;13408,00;0,04;0,02;0,04;;0,50;0,25;0,50;0,43;0,00;0,00;1,25;0,00;0,43;1,32;1,34;0,22;0,31;0,00;0,33;0,34;1,00;0,95;0,93;
3.3.2015 04:00;000,8;000,0;;;;;20091;1454827;5668;174205;52;203;0;0;0;0;0;0;0;;0,25;0,25;0,50;0,00;0,00;0,00;14146,00;12634,00;13395,00;0,04;0,02;0,04;;0,50;0,25;0,50;0,43;0,00;0,00;1,25;0,00;0,43;1,32;1,34;0,21;0,31;0,00;0,33;0,34;1,00;0,95;0,93;
3.3.2015 04:15;001,0;000,0;;;;;20092;1454827;5668;174205;52;203;0;0;0;0;0;0;0;;0,75;0,25;0,50;0,00;0,00;0,00;14112,00;12662,00;13338,00;0,06;0,03;0,05;;0,75;0,25;0,50;0,00;0,00;0,00;1,75;0,00;0,00;1,86;1,91;0,75;0,44;0,00;0,47;0,48;1,00;0,94;0,92;
3.3.2015 04:30;001,0;000,0;;;;;20092;1454827;5668;174205;52;203;0;0;0;0;0;0;0;;0,75;1,50;0,75;0,00;0,00;0,00;14085,00;12689,00;13357,00;0,07;0,13;0,08;;0,75;1,50;1,00;0,00;0,00;0,66;3,25;0,00;0,66;3,64;3,82;1,90;0,81;0,00;0,91;0,96;1,00;0,89;0,85;
3.3.2015 04:45;001,1;000,0;;;;;20092;1454827;5668;174205;52;203;0;0;0;0;0;0;0;;0,75;1,50;0,75;0,00;0,00;0,00;14045,00;12657,00;13317,00;0,07;0,13;0,08;;0,75;1,50;1,00;0,00;0,00;0,66;3,25;0,00;0,66;3,63;3,81;1,88;0,81;0,00;0,91;0,95;1,00;0,90;0,85;
3.3.2015 05:00;001,1;000,0;;;;;20092;1454827;5668;174205;52;203;0;0;0;0;0;0;0;;1,00;1,50;0,75;0,00;0,00;0,00;14060,00;12699,00;13300,00;0,09;0,14;0,08;;1,25;1,50;1,00;0,75;0,00;0,66;3,75;0,00;1,41;4,05;4,19;1,23;0,94;0,00;1,01;1,05;1,00;0,93;0,89;
3.3.2015 05:15;000,9;000,0;;;;;20093;1454827;5668;174205;52;203;0;0;0;0;0;0;0;;0,25;0,25;0,50;0,00;0,00;0,00;14014,00;12639,00;13294,00;0,04;0,02;0,04;;0,25;0,25;0,50;0,00;0,00;0,00;1,00;0,00;0,00;1,31;1,33;0,88;0,25;0,00;0,33;0,33;1,00;0,77;0,75;
3.3.2015 05:30;000,9;000,0;;;;;20093;1454827;5668;174205;52;203;0;0;0;0;0;0;0;;0,25;0,25;0,50;0,00;0,00;0,00;14064,00;12642,00;13292,00;0,03;0,02;0,04;;0,25;0,25;0,50;0,00;0,00;0,00;1,00;0,00;0,00;1,27;1,30;0,83;0,25;0,00;0,32;0,32;1,00;0,79;0,77;
3.3.2015 05:45;000,9;000,0;;;;;20093;1454827;5668;174205;52;203;0;0;0;0;0;0;0;;1,00;1,50;0,75;0,00;0,00;0,00;14031,00;12621,00;13286,00;0,09;0,14;0,08;;1,25;1,50;1,00;0,75;0,00;0,66;3,75;0,00;1,41;4,03;4,18;1,19;0,94;0,00;1,01;1,04;1,00;0,93;0,90;
3.3.2015 06:00;000,8;000,0;;;;;20093;1454827;5668;174205;52;203;0;0;0;0;0;0;0;;0,75;0,25;0,50;0,00;0,00;0,00;14017,00;12696,00;13221,00;0,06;0,03;0,05;;0,75;0,25;0,50;0,00;0,00;0,00;1,75;0,00;0,00;1,88;1,93;0,82;0,44;0,00;0,47;0,48;1,00;0,93;0,91;
3.3.2015 06:15;001,0;000,0;;;;;20094;1454827;5668;174205;52;203;0;0;0;0;0;0;0;;1,00;1,50;0,75;0,00;0,00;0,00;13965,00;12553,00;13117,00;0,09;0,13;0,07;;1,25;1,50;1,00;0,75;0,00;0,66;3,75;0,00;1,41;3,94;4,08;0,77;0,94;0,00;0,98;1,02;1,00;0,95;0,92;
3.3.2015 06:30;001,1;000,0;;;;;20094;1454827;5668;174205;52;203;0;0;0;0;0;0;0;;0,75;0,25;0,50;0,00;0,00;0,00;13931,00;12453,00;13163,00;0,06;0,03;0,05;;0,75;0,25;0,50;0,00;0,00;0,00;1,50;0,00;0,00;1,83;1,87;1,12;0,38;0,00;0,46;0,47;1,00;0,82;0,80;
3.3.2015 06:45;000,9;000,0;;;;;20094;1454827;5668;174205;52;203;0;0;0;0;0;0;0;;1,00;1,50;0,75;0,00;0,00;0,00;13896,00;12447,00;13183,00;0,09;0,13;0,07;;1,25;1,50;1,00;0,75;0,00;0,66;3,75;0,00;1,41;3,92;4,07;0,71;0,94;0,00;0,98;1,02;1,00;0,96;0,92;
3.3.2015 07:00;000,2;000,2;;;;;20094;1454827;5669;174205;52;203;0;0;0;0;0;0;0;;0,00;-0,25;0,00;1,00;0,75;0,00;13963,00;12440,00;13198,00;0,10;0,10;0,09;;1,25;1,25;0,00;0,75;0,97;0,00;-0,25;1,75;1,72;3,90;3,91;3,04;-0,06;0,44;0,97;0,98;0,75;-0,06;-0,06;
3.3.2015 07:15;000,1;000,4;;;;;20094;1454827;5669;174205;52;203;0;0;0;0;0;0;0;;-0,75;0,00;-0,50;0,00;0,50;1,25;13944,00;12419,00;13173,00;0,09;0,08;0,12;;1,25;1,00;1,50;1,00;0,87;0,66;-1,50;2,00;2,53;3,93;3,99;1,82;-0,38;0,50;0,98;1,00;0,24;-0,38;-0,38;
3.3.2015 07:30;000,0;004,1;;;;;20094;1454828;5669;174206;52;203;0;0;0;0;0;0;0;;-4,75;-4,75;-4,75;1,00;0,75;0,75;13883,00;12428,00;13189,00;0,37;0,41;0,38;;5,00;5,00;4,75;1,20;1,37;nan;-14,50;2,75;nan;15,08;15,14;NaN;-3,62;0,69;3,77;3,78;0,98;-0,96;-0,96;
3.3.2015 07:45;000,0;011,1;;;;;20094;1454831;5669;174206;52;203;0;0;0;0;0;0;0;;-13,50;-11,25;-12,75;0,00;0,75;2,50;13919,00;12447,00;13207,00;0,98;0,92;1,00;;13,50;11,25;13,00;0,00;nan;0,43;-37,75;3,25;nan;38,24;38,25;NaN;-9,44;0,81;9,56;9,56;1,00;-0,99;-0,99;
3.3.2015 08:00;000,0;012,2;;;;;20094;1454834;5669;174206;52;203;0;0;0;0;0;0;0;;-11,75;-10,75;-11,00;1,00;0,50;1,75;13905,00;12438,00;13200,00;0,86;0,87;0,85;;11,75;10,75;11,00;nan;nan;nan;-33,50;3,25;nan;34,00;34,04;NaN;-8,38;0,81;8,50;8,51;1,00;-0,99;-0,98;
3.3.2015 08:15;000,0;018,5;;;;;20094;1454838;5669;174207;52;203;0;0;0;0;0;0;0;;-16,00;-14,50;-15,00;1,00;0,50;2,00;13883,00;12426,00;13192,00;1,17;1,18;1,16;;16,25;14,50;15,25;2,66;nan;1,89;-46,00;4,00;nan;46,24;46,30;NaN;-11,50;1,00;11,56;11,57;1,00;-0,99;-0,99;
3.3.2015 08:30;000,0;042,8;;;;;20094;1454849;5669;174208;52;203;0;0;0;0;0;0;0;;-53,75;-47,75;-51,00;3,25;3,25;8,25;13819,00;12546,00;13201,00;3,91;3,83;3,92;;53,75;48,00;51,50;nan;3,66;nan;-152,75;15,00;nan;153,76;153,84;NaN;-38,19;3,75;38,44;38,46;1,00;-0,99;-0,99;
3.3.2015 08:45;000,0;074,8;;;;;20094;1454868;5669;174209;52;203;0;0;0;0;0;0;0;;-85,75;-78,25;-82,00;5,25;5,50;11,75;13801,00;12598,00;13231,00;6,24;6,24;6,28;;86,00;78,50;83,00;3,92;2,99;5,19;-246,25;23,00;12,10;247,75;247,93;12,36;-61,56;5,75;61,94;61,98;1,00;-0,99;-0,99;
3.3.2015 09:00;000,0;142,0;;;;;20094;1454904;5669;174213;52;203;0;0;0;0;0;0;0;;-133,75;-122,00;-128,75;9,00;10,00;19,75;13849,00;12666,00;13389,00;9,69;9,67;9,75;;134,25;122,50;130,50;7,28;4,72;7,98;-384,75;39,00;19,97;387,26;387,50;14,18;-96,19;9,75;96,81;96,87;0,99;-0,99;-0,99;
3.3.2015 09:15;000,0;120,9;;;;;20094;1454933;5669;174216;52;203;0;0;0;0;0;0;0;;-39,00;-36,25;-38,25;2,00;2,75;4,75;13641,00;12664,00;13360,00;2,87;2,88;2,90;;39,00;36,25;38,50;nan;nan;nan;-113,75;9,50;nan;114,27;114,32;NaN;-28,44;2,38;28,57;28,58;1,00;-1,00;-0,99;
3.3.2015 09:30;000,0;169,4;;;;;20094;1454976;5669;174221;52;203;0;0;0;0;0;0;0;;-67,50;-62,50;-67,00;3,50;5,50;8,75;13682,00;12696,00;13400,00;4,95;4,95;5,04;;67,75;62,75;67,50;4,64;1,03;nan;-197,25;17,75;nan;198,24;198,33;NaN;-49,31;4,44;49,56;49,58;1,00;-1,00;-0,99;
3.3.2015 09:45;000,0;225,2;;;;;20094;1455033;5669;174228;52;203;0;0;0;0;0;0;0;;-222,25;-205,25;-215,75;21,00;23,25;36,00;13757,00;12764,00;13449,00;16,23;16,19;16,28;;223,25;206,50;219,00;2,12;nan;10,81;-643,50;80,50;nan;648,97;649,26;NaN;-160,88;20,12;162,24;162,32;0,99;-0,99;-0,99;
3.3.2015 10:00;000,0;170,2;;;;;20094;1455075;5669;174232;52;203;0;0;0;0;0;0;0;;-59,50;-55,25;-58,50;3,00;4,25;7,25;13693,00;12699,00;13402,00;4,36;4,37;4,41;;59,50;55,25;59,00;nan;nan;2,49;-173,50;15,00;nan;174,37;174,45;NaN;-43,38;3,75;43,59;43,61;1,00;-1,00;-0,99;
3.3.2015 10:15;000,0;098,3;;;;;20094;1455099;5669;174235;52;203;0;0;0;0;0;0;0;;-37,25;-34,00;-36,00;1,75;2,00;4,75;13800,00;12580,00;13342,00;2,72;2,72;2,73;;37,50;34,25;36,25;3,95;3,61;nan;-107,75;9,00;nan;108,24;108,32;NaN;-26,94;2,25;27,06;27,08;1,00;-1,00;-0,99;
3.3.2015 10:30;000,0;034,9;;;;;20094;1455108;5669;174235;52;203;0;0;0;0;0;0;0;;-29,00;-26,00;-27,25;1,25;1,00;3,75;13940,00;12440,00;13227,00;2,09;2,10;2,09;;29,00;26,00;27,50;nan;nan;nan;-82,50;6,50;nan;82,87;82,97;NaN;-20,62;1,62;20,72;20,74;1,00;-1,00;-0,99;
3.3.2015 10:45;000,0;045,6;;;;;20094;1455119;5669;174236;52;203;0;0;0;0;0;0;0;;-47,50;-42,25;-44,50;2,25;1,75;6,50;13979,00;12446,00;13219,00;3,41;3,42;3,42;;47,50;42,50;45,00;nan;4,26;1,58;-134,50;10,75;nan;135,34;135,50;NaN;-33,62;2,69;33,84;33,88;1,00;-0,99;-0,99;
3.3.2015 11:00;000,0;273,9;;;;;20094;1455189;5669;174246;52;203;0;0;0;0;0;0;0;;-263,25;-235,00;-247,00;28,00;24,75;50,50;14093,00;12601,00;13373,00;18,80;18,76;18,86;;264,75;236,25;252,00;2,83;nan;nan;-745,50;103,50;nan;753,55;754,31;NaN;-186,38;25,88;188,39;188,58;0,99;-0,99;-0,99;
3.3.2015 11:15;000,0;297,6;;;;;20094;1455264;5669;174256;52;203;0;0;0;0;0;0;0;;-276,75;-247,00;-258,75;31,25;27,25;54,25;14122,00;12592,00;13345,00;19,74;19,74;19,87;;278,75;248,50;264,50;11,59;0,83;8,10;-783,00;112,75;20,52;792,40;793,27;55,28;-195,75;28,19;198,10;198,32;0,99;-0,99;-0,99;
3.3.2015 11:30;000,0;189,1;;;;;20094;1455310;5669;174263;52;203;0;0;0;0;0;0;0;;-51,25;-46,25;-48,75;3,00;2,75;7,25;13972,00;12467,00;13261,00;3,69;3,72;3,73;;51,50;46,25;49,50;4,09;nan;4,60;-146,50;13,50;nan;147,46;147,65;NaN;-36,62;3,38;36,87;36,91;1,00;-0,99;-0,99;
3.3.2015 11:45;000,0;057,1;;;;;20094;1455324;5669;174265;52;203;0;0;0;0;0;0;0;;-42,75;-38,00;-40,00;2,25;1,75;6,00;13932,00;12440,00;13204,00;3,08;3,08;3,08;;42,75;38,25;40,50;nan;4,00;2,06;-121,25;10,50;nan;121,83;121,96;NaN;-30,31;2,62;30,46;30,49;1,00;-1,00;-0,99;
3.3.2015 12:00;000,0;039,9;;;;;20094;1455334;5669;174266;52;203;0;0;0;0;0;0;0;;-27,50;-24,50;-25,50;1,25;1,00;3,75;13952,00;12453,00;13227,00;1,98;1,97;1,97;;27,50;24,50;26,00;nan;nan;3,42;-77,75;6,25;nan;78,11;78,19;NaN;-19,44;1,56;19,53;19,55;1,00;-1,00;-0,99;
3.3.2015 12:15;000,0;029,2;;;;;20094;1455341;5669;174266;52;203;0;0;0;0;0;0;0;;-24,00;-21,25;-22,25;1,25;0,75;3,25;13997,00;12433,00;13234,00;1,72;1,73;1,71;;24,00;21,50;22,50;nan;3,18;0,79;-67,75;5,50;nan;68,25;68,34;NaN;-16,94;1,38;17,06;17,08;1,00;-0,99;-0,99;
3.3.2015 12:30;000,0;038,6;;;;;20094;1455351;5669;174267;52;203;0;0;0;0;0;0;0;;-34,50;-30,75;-32,00;1,75;1,25;4,75;13991,00;12435,00;13188,00;2,47;2,48;2,47;;34,50;30,75;32,50;nan;nan;3,11;-97,50;7,75;nan;98,07;98,19;NaN;-24,38;1,94;24,52;24,55;1,00;-0,99;-0,99;
3.3.2015 12:45;000,0;053,0;;;;;20094;1455364;5669;174268;52;203;0;0;0;0;0;0;0;;-80,00;-71,50;-75,00;4,75;3,75;11,50;14026,00;12477,00;13247,00;5,72;5,74;5,74;;80,25;71,50;76,00;4,18;nan;4,33;-226,75;20,25;nan;227,82;228,09;NaN;-56,69;5,06;56,95;57,02;1,00;-1,00;-0,99;
3.3.2015 13:00;000,0;115,7;;;;;20094;1455393;5669;174272;52;203;0;0;0;0;0;0;0;;-66,00;-59,00;-62,25;3,50;3,00;9,50;14069,00;12496,00;13233,00;4,72;4,73;4,78;;66,25;59,00;63,00;4,56;nan;1,92;-187,50;16,25;nan;188,66;188,90;NaN;-46,88;4,06;47,17;47,22;1,00;-0,99;-0,99;
3.3.2015 13:15;000,0;146,7;;;;;20094;1455430;5669;174277;52;203;0;0;0;0;0;0;0;;-62,75;-56,75;-59,75;3,50;3,00;8,50;13988,00;12488,00;13258,00;4,51;4,55;4,56;;63,00;56,75;60,25;4,38;nan;nan;-179,50;15,50;nan;180,36;180,59;NaN;-44,88;3,88;45,09;45,15;1,00;-1,00;-0,99;
3.3.2015 13:30;000,0;223,2;;;;;20094;1455487;5669;174288;52;203;0;0;0;0;0;0;0;;-233,75;-210,00;-215,75;62,50;54,75;78,50;14063,00;12584,00;13333,00;17,22;17,25;17,24;;242,00;217,00;229,75;4,32;nan;8,65;-659,75;196,00;nan;689,20;689,93;NaN;-164,94;49,00;172,30;172,48;0,96;-0,96;-0,96;
3.3.2015 13:45;000,0;200,0;;;;;20094;1455537;5669;174297;52;203;0;0;0;0;0;0;0;;-288,50;-257,50;-269,50;34,25;29,50;57,75;14158,00;12647,00;13391,00;20,53;20,51;20,59;;290,50;259,25;275,50;nan;5,84;nan;-815,75;121,50;nan;825,77;826,64;NaN;-203,94;30,38;206,44;206,66;0,99;-0,99;-0,99;
3.3.2015 14:00;000,0;220,0;;;;;20094;1455590;5669;174304;52;203;0;0;0;0;0;0;0;;-53,00;-47,25;-50,25;2,75;2,75;7,50;14099,00;12520,00;13294,00;3,77;3,79;3,83;;53,00;47,25;50,75;nan;nan;nan;-150,50;13,25;nan;151,42;151,62;NaN;-37,62;3,31;37,85;37,90;1,00;-0,99;-0,99;
3.3.2015 14:15;000,0;073,4;;;;;20094;1455609;5669;174306;52;203;0;0;0;0;0;0;0;;-79,75;-71,50;-75,50;4,50;4,00;11,25;14031,00;12493,00;13239,00;5,71;5,75;5,78;;80,00;71,75;76,50;4,44;4,45;5,04;-227,25;19,75;13,93;228,51;228,80;11,02;-56,81;4,94;57,13;57,20;1,00;-0,99;-0,99;
3.3.2015 14:30;000,0;223,1;;;;;20094;1455665;5669;174313;52;203;0;0;0;0;0;0;0;;-105,50;-94,25;-100,00;6,00;6,00;15,75;14111,00;12577,00;13345,00;7,50;7,51;7,60;;105,75;94,50;101,25;4,10;3,34;1,87;-300,00;27,75;9,32;301,77;302,12;20,48;-75,00;6,94;75,44;75,53;1,00;-0,99;-0,99;
3.3.2015 14:45;000,0;207,1;;;;;20094;1455717;5669;174320;52;203;0;0;0;0;0;0;0;;-173,50;-154,75;-163,25;13,00;11,75;28,25;14085,00;12587,00;13356,00;12,36;12,34;12,42;;174,00;155,25;165,75;2,18;4,12;4,94;-491,75;53,00;11,24;495,30;495,80;32,65;-122,94;13,25;123,82;123,95;0,99;-0,99;-0,99;
3.3.2015 15:00;000,0;102,0;;;;;20094;1455742;5669;174323;52;203;0;0;0;0;0;0;0;;-48,75;-43,50;-46,00;2,50;2,00;6,75;14022,00;12465,00;13244,00;3,49;3,50;3,52;;48,75;43,50;46,50;nan;nan;0,83;-138,25;11,50;nan;139,05;139,22;NaN;-34,56;2,88;34,76;34,80;1,00;-0,99;-0,99;
3.3.2015 15:15;000,0;085,1;;;;;20094;1455763;5669;174325;52;203;0;0;0;0;0;0;0;;-36,50;-32,50;-34,25;1,75;1,25;5,00;14037,00;12484,00;13256,00;2,61;2,61;2,61;;36,50;32,50;34,50;nan;nan;nan;-103,25;8,50;nan;103,85;103,97;NaN;-25,81;2,12;25,96;25,99;1,00;-0,99;-0,99;
3.3.2015 15:30;000,0;096,1;;;;;20094;1455788;5669;174328;52;203;0;0;0;0;0;0;0;;-148,50;-132,75;-140,00;10,75;9,75;23,75;14048,00;12562,00;13348,00;10,61;10,61;10,66;;149,00;133,00;142,25;5,76;nan;8,43;-421,50;44,50;nan;424,49;424,93;NaN;-105,38;11,12;106,12;106,23;0,99;-0,99;-0,99;
3.3.2015 15:45;000,0;147,7;;;;;20094;1455824;5669;174332;52;203;0;0;0;0;0;0;0;;-123,50;-110,25;-116,50;7,50;7,25;18,75;14038,00;12546,00;13354,00;8,82;8,81;8,86;;123,75;110,50;118,25;2,36;1,62;7,70;-350,50;33,50;11,68;352,60;352,96;21,67;-87,62;8,38;88,15;88,24;1,00;-0,99;-0,99;
3.3.2015 16:00;000,0;123,1;;;;;20094;1455855;5669;174334;52;203;0;0;0;0;0;0;0;;-18,25;-16,50;-17,25;2,50;2,25;3,75;14032,00;12499,00;13316,00;1,32;1,35;1,34;;18,50;16,75;17,75;1,71;1,80;1,85;-52,25;8,75;5,37;53,27;53,36;3,39;-13,06;2,19;13,32;13,34;0,99;-0,98;-0,98;
3.3.2015 16:15;000,0;102,7;;;;;20094;1455880;5669;174337;52;203;0;0;0;0;0;0;0;;-28,50;-25,75;-27,25;2,50;2,25;4,75;14010,00;12508,00;13304,00;2,05;2,08;2,09;;28,50;26,00;27,75;nan;2,81;2,22;-81,50;9,75;nan;82,48;82,59;NaN;-20,38;2,44;20,62;20,65;0,99;-0,99;-0,99;
3.3.2015 16:30;000,0;051,1;;;;;20094;1455893;5669;174338;52;203;0;0;0;0;0;0;0;;-10,25;-9,25;-9,50;0,75;0,50;1,50;14011,00;12527,00;13303,00;0,75;0,75;0,74;;10,25;9,25;9,75;nan;nan;1,60;-29,25;3,25;nan;29,58;29,61;NaN;-7,31;0,81;7,39;7,40;0,99;-0,99;-0,99;
3.3.2015 16:45;000,0;008,5;;;;;20094;1455895;5669;174338;52;203;0;0;0;0;0;0;0;;-5,75;-5,50;-5,50;1,00;0,75;1,00;13993,00;12506,00;13317,00;0,43;0,45;0,43;;6,00;5,50;5,50;1,39;nan;nan;-17,00;3,00;nan;17,43;17,48;NaN;-4,25;0,75;4,36;4,37;0,98;-0,98;-0,97;
3.3.2015 17:00;000,0;014,5;;;;;20094;1455899;5669;174339;52;203;0;0;0;0;0;0;0;;-6,25;-5,75;-5,75;1,00;0,75;1,00;14034,00;12504,00;13300,00;0,45;0,47;0,45;;6,25;5,75;6,00;nan;nan;1,39;-17,75;3,00;nan;18,28;18,32;NaN;-4,44;0,75;4,57;4,58;0,99;-0,97;-0,97;
3.3.2015 17:15;000,0;008,4;;;;;20094;1455901;5669;174339;52;203;0;0;0;0;0;0;0;;-6,50;-6,00;-6,00;0,75;0,50;1,25;13989,00;12489,00;13275,00;0,49;0,49;0,48;;6,75;6,00;6,25;1,66;nan;1,22;-18,75;2,75;nan;19,31;19,33;NaN;-4,69;0,69;4,83;4,83;0,99;-0,97;-0,97;
3.3.2015 17:30;000,0;003,8;;;;;20094;1455902;5669;174339;52;203;0;0;0;0;0;0;0;;-0,25;-0,25;0,00;0,75;0,50;0,75;13981,00;12495,00;13285,00;0,09;0,09;0,09;;1,25;1,00;1,00;0,97;0,83;0,66;-0,75;2,25;2,46;3,65;3,65;1,28;-0,19;0,56;0,91;0,91;-0,99;-0,21;-0,21;
3.3.2015 17:45;000,4;000,0;;;;;20094;1455902;5669;174339;52;203;0;0;0;0;0;0;0;;0,25;0,25;0,50;0,00;0,00;0,00;13979,00;12481,00;13276,00;0,03;0,02;0,04;;0,25;0,25;0,50;0,00;0,00;0,00;1,00;0,00;0,00;1,27;1,29;0,82;0,25;0,00;0,32;0,32;1,00;0,79;0,77;
3.3.2015 18:00;000,5;000,0;;;;;20094;1455902;5669;174339;52;203;0;0;0;0;0;0;0;;0,25;0,25;0,25;0,00;0,00;0,00;14028,00;12473,00;13236,00;0,03;0,02;0,04;;0,25;0,25;0,50;0,00;0,00;0,43;1,00;0,00;0,43;1,27;1,29;0,69;0,25;0,00;0,32;0,32;1,00;0,79;0,77;
3.3.2015 18:15;000,4;000,0;;;;;20094;1455902;5669;174339;52;203;0;0;0;0;0;0;0;;0,25;0,25;0,25;0,00;0,00;0,00;13978,00;12459,00;13206,00;0,03;0,02;0,04;;0,25;0,25;0,50;0,00;0,00;0,43;1,00;0,00;0,43;1,26;1,29;0,69;0,25;0,00;0,32;0,32;1,00;0,79;0,78;
3.3.2015 18:30;000,5;000,0;;;;;20095;1455902;5669;174339;52;203;0;0;0;0;0;0;0;;0,25;0,25;0,25;0,00;0,00;0,00;13975,00;12460,00;13240,00;0,03;0,02;0,04;;0,25;0,25;0,50;0,00;0,00;0,43;1,00;0,00;0,43;1,26;1,29;0,69;0,25;0,00;0,32;0,32;1,00;0,79;0,78;
3.3.2015 18:45;000,7;000,0;;;;;20095;1455902;5669;174339;52;203;0;0;0;0;0;0;0;;0,25;0,25;0,25;0,00;0,00;0,00;13947,00;12453,00;13243,00;0,03;0,02;0,04;;0,25;0,25;0,50;0,00;0,00;0,43;1,00;0,00;0,43;1,26;1,29;0,69;0,25;0,00;0,32;0,32;1,00;0,79;0,78;
3.3.2015 19:00;000,7;000,0;;;;;20095;1455902;5669;174339;52;203;0;0;0;0;0;0;0;;0,75;1,50;0,75;0,00;0,00;0,00;13993,00;12453,00;13223,00;0,07;0,13;0,07;;0,75;1,50;1,00;0,00;0,00;0,66;3,25;0,00;0,66;3,56;3,75;1,75;0,81;0,00;0,89;0,94;1,00;0,91;0,87;
3.3.2015 19:15;000,7;000,0;;;;;20095;1455902;5669;174339;52;203;0;0;0;0;0;0;0;;0,25;0,25;0,25;0,00;0,00;0,00;13976,00;12435,00;13211,00;0,03;0,02;0,04;;0,25;0,25;0,50;0,00;0,00;0,43;1,00;0,00;0,43;1,26;1,29;0,69;0,25;0,00;0,32;0,32;1,00;0,79;0,78;
3.3.2015 19:30;000,7;000,0;;;;;20095;1455902;5669;174339;52;203;0;0;0;0;0;0;0;;0,75;1,50;0,75;0,00;0,00;0,00;14025,00;12479,00;13264,00;0,07;0,13;0,07;;1,00;1,50;1,00;0,66;0,00;0,66;3,25;0,00;1,32;3,57;3,76;1,36;0,81;0,00;0,89;0,94;1,00;0,91;0,86;
3.3.2015 19:45;000,8;000,0;;;;;20095;1455902;5669;174339;52;203;0;0;0;0;0;0;0;;0,25;0,25;0,25;0,00;0,00;0,00;14029,00;12479,00;13254,00;0,03;0,02;0,04;;0,25;0,25;0,50;0,00;0,00;0,43;1,00;0,00;0,43;1,27;1,29;0,69;0,25;0,00;0,32;0,32;1,00;0,79;0,77;
3.3.2015 20:00;000,9;000,0;;;;;20096;1455902;5669;174339;52;203;0;0;0;0;0;0;0;;0,75;1,50;0,75;0,00;0,00;0,00;14036,00;12478,00;13236,00;0,07;0,13;0,07;;0,75;1,50;1,00;0,00;0,00;0,66;3,25;0,00;0,66;3,57;3,76;1,77;0,81;0,00;0,89;0,94;1,00;0,91;0,86;
3.3.2015 20:15;000,8;000,0;;;;;20096;1455902;5669;174339;52;203;0;0;0;0;0;0;0;;0,75;1,50;0,75;0,00;0,00;0,00;14040,00;12485,00;13244,00;0,07;0,13;0,07;;1,00;1,50;1,00;0,66;0,00;0,66;3,25;0,00;1,32;3,57;3,76;1,36;0,81;0,00;0,89;0,94;1,00;0,91;0,86;
3.3.2015 20:30;000,9;000,0;;;;;20096;1455902;5669;174339;52;203;0;0;0;0;0;0;0;;0,25;0,25;0,25;0,00;0,00;0,00;14051,00;12482,00;13242,00;0,03;0,02;0,04;;0,25;0,25;0,50;0,00;0,00;0,43;1,00;0,00;0,43;1,27;1,29;0,70;0,25;0,00;0,32;0,32;1,00;0,79;0,77;
3.3.2015 20:45;001,0;000,0;;;;;20096;1455902;5669;174339;52;203;0;0;0;0;0;0;0;;0,25;0,25;0,25;0,00;0,00;0,00;14052,00;12493,00;13243,00;0,03;0,02;0,04;;0,25;0,25;0,50;0,00;0,00;0,43;1,00;0,00;0,43;1,27;1,29;0,70;0,25;0,00;0,32;0,32;1,00;0,79;0,77;
3.3.2015 21:00;001,1;000,0;;;;;20097;1455902;5669;174339;52;203;0;0;0;0;0;0;0;;0,75;1,50;0,75;0,00;0,00;0,00;14076,00;12489,00;13259,00;0,07;0,13;0,07;;0,75;1,50;1,00;0,00;0,00;0,66;3,25;0,00;0,66;3,57;3,77;1,79;0,81;0,00;0,89;0,94;1,00;0,91;0,86;
3.3.2015 21:15;001,1;000,0;;;;;20097;1455902;5669;174339;52;203;0;0;0;0;0;0;0;;0,75;1,50;0,75;0,00;0,00;0,00;14059,00;12526,00;13325,00;0,07;0,13;0,07;;0,75;1,50;1,00;0,00;0,00;0,66;3,25;0,00;0,66;3,58;3,77;1,80;0,81;0,00;0,90;0,94;1,00;0,91;0,86;
3.3.2015 21:30;000,9;000,0;;;;;20097;1455902;5669;174339;52;203;0;0;0;0;0;0;0;;0,25;0,25;0,50;0,00;0,00;0,00;14134,00;12575,00;13342,00;0,04;0,02;0,04;;0,25;0,25;0,50;0,00;0,00;0,00;1,00;0,00;0,00;1,31;1,34;0,89;0,25;0,00;0,33;0,33;1,00;0,76;0,75;
3.3.2015 21:45;000,8;000,0;;;;;20097;1455902;5669;174339;52;203;0;0;0;0;0;0;0;;0,75;1,50;0,75;0,00;0,00;0,00;14072,00;12515,00;13271,00;0,07;0,13;0,07;;1,00;1,50;1,00;0,66;0,00;0,66;3,25;0,00;1,32;3,58;3,77;1,38;0,81;0,00;0,89;0,94;1,00;0,91;0,86;
3.3.2015 22:00;001,0;000,0;;;;;20098;1455902;5669;174339;52;203;0;0;0;0;0;0;0;;0,75;1,50;0,75;0,00;0,00;0,00;14055,00;12530,00;13289,00;0,07;0,13;0,07;;0,75;1,50;1,00;0,00;0,00;0,66;3,25;0,00;0,66;3,58;3,77;1,80;0,81;0,00;0,89;0,94;1,00;0,91;0,86;
3.3.2015 22:15;001,1;000,0;;;;;20098;1455902;5669;174339;52;203;0;0;0;0;0;0;0;;0,25;0,25;0,50;0,00;0,00;0,00;14057,00;12553,00;13328,00;0,04;0,02;0,04;;0,25;0,25;0,50;0,00;0,00;0,00;1,00;0,00;0,00;1,31;1,33;0,88;0,25;0,00;0,33;0,33;1,00;0,76;0,75;
3.3.2015 22:30;001,1;000,0;;;;;20098;1455902;5669;174339;52;203;0;0;0;0;0;0;0;;0,75;1,50;0,75;0,00;0,00;0,00;14103,00;12571,00;13326,00;0,07;0,13;0,08;;1,00;1,50;1,00;0,66;0,00;0,66;3,25;0,00;1,32;3,62;3,81;1,49;0,81;0,00;0,91;0,95;1,00;0,90;0,85;
3.3.2015 22:45;001,1;000,0;;;;;20098;1455902;5669;174339;52;203;0;0;0;0;0;0;0;;0,75;1,50;0,75;0,00;0,00;0,00;14130,00;12584,00;13308,00;0,07;0,13;0,08;;1,00;1,50;1,00;0,66;0,00;0,66;3,25;0,00;1,32;3,62;3,81;1,49;0,81;0,00;0,91;0,95;1,00;0,90;0,85;
3.3.2015 23:00;001,0;000,0;;;;;20099;1455902;5669;174339;52;203;0;0;0;0;0;0;0;;0,75;1,50;0,75;0,00;0,00;0,00;14183,00;12591,00;13312,00;0,07;0,13;0,08;;1,00;1,50;1,00;0,66;0,00;0,66;3,25;0,00;1,32;3,63;3,82;1,51;0,81;0,00;0,91;0,95;1,00;0,90;0,85;
3.3.2015 23:15;001,1;000,0;;;;;20099;1455902;5669;174339;52;203;0;0;0;0;0;0;0;;0,25;0,25;0,50;0,00;0,00;0,00;14146,00;12589,00;13335,00;0,04;0,02;0,04;;0,25;0,25;0,50;0,00;0,00;0,00;1,00;0,00;0,00;1,31;1,34;0,89;0,25;0,00;0,33;0,33;1,00;0,76;0,75;
3.3.2015 23:30;001,1;000,0;;;;;20099;1455902;5669;174339;52;203;0;0;0;0;0;0;0;;0,25;0,25;0,50;0,00;0,00;0,00;14162,00;12592,00;13291,00;0,04;0,02;0,04;;0,50;0,25;0,50;0,43;0,00;0,00;1,00;0,00;0,43;1,31;1,34;0,77;0,25;0,00;0,33;0,33;1,00;0,76;0,75;
3.3.2015 23:45;001,0;000,0;;;;;20099;1455902;5669;174339;52;203;0;0;0;0;0;0;0;;0,75;1,50;0,75;0,00;0,00;0,00;14150,00;12603,00;13343,00;0,07;0,13;0,08;;1,00;1,50;1,00;0,66;0,00;0,66;3,25;0,00;1,32;3,63;3,82;1,51;0,81;0,00;0,91;0,95;1,00;0,89;0,85;
4.3.2015 00:00;000,8;000,0;;;;;20100;1455902;5669;174339;52;203;0;0;0;0;0;0;0;;0,25;0,25;0,50;0,00;0,00;0,00;14156,00;12626,00;13383,00;0,04;0,02;0,04;;0,50;0,25;0,50;0,43;0,00;0,00;1,25;0,00;0,43;1,31;1,34;0,21;0,31;0,00;0,33;0,33;1,00;0,95;0,93;
4.3.2015 00:15;001,0;000,0;;;;;20100;1455902;5669;174339;52;203;0;0;0;0;0;0;0;;0,25;0,25;0,50;0,00;0,00;0,00;14140,00;12650,00;13434,00;0,04;0,02;0,04;;0,50;0,25;0,50;0,43;0,00;0,00;1,00;0,00;0,43;1,32;1,34;0,78;0,25;0,00;0,33;0,34;1,00;0,76;0,75;
4.3.2015 00:30;001,1;000,0;;;;;20100;1455902;5669;174339;52;203;0;0;0;0;0;0;0;;0,75;1,50;0,75;0,00;0,00;0,00;14199,00;12634,00;13371,00;0,07;0,13;0,08;;1,00;1,50;1,00;0,66;0,00;0,66;3,25;0,00;1,32;3,64;3,83;1,53;0,81;0,00;0,91;0,96;1,00;0,89;0,85;
4.3.2015 00:45;001,0;000,0;;;;;20100;1455902;5669;174339;52;203;0;0;0;0;0;0;0;;0,75;1,50;0,75;0,00;0,00;0,00;14140,00;12628,00;13386,00;0,07;0,13;0,08;;0,75;1,50;1,00;0,00;0,00;0,66;3,25;0,00;0,66;3,64;3,82;1,91;0,81;0,00;0,91;0,96;1,00;0,89;0,85;
4.3.2015 01:00;001,1;000,0;;;;;20101;1455902;5669;174339;52;203;0;0;0;0;0;0;0;;0,75;1,50;0,75;0,00;0,00;0,00;14193,00;12644,00;13363,00;0,07;0,13;0,08;;1,00;1,50;1,00;0,66;0,00;0,66;3,25;0,00;1,32;3,64;3,83;1,53;0,81;0,00;0,91;0,96;1,00;0,89;0,85;
4.3.2015 01:15;001,4;000,0;;;;;20101;1455902;5669;174339;52;203;0;0;0;0;0;0;0;;0,75;1,50;0,75;0,00;0,00;0,00;14186,00;12648,00;13379,00;0,07;0,13;0,08;;1,00;1,50;1,00;0,66;0,00;0,66;3,25;0,00;1,32;3,64;3,83;1,54;0,81;0,00;0,91;0,96;1,00;0,89;0,85;
4.3.2015 01:30;001,4;000,0;;;;;20101;1455902;5669;174339;52;203;0;0;0;0;0;0;0;;1,00;1,50;0,75;0,00;0,00;0,00;14135,00;12640,00;13409,00;0,09;0,14;0,08;;1,25;1,50;1,00;0,75;0,00;0,66;3,75;0,00;1,41;4,05;4,21;1,28;0,94;0,00;1,01;1,05;1,00;0,93;0,89;
4.3.2015 01:45;001,5;000,0;;;;;20102;1455902;5669;174339;52;203;0;0;0;0;0;0;0;;0,75;1,50;0,75;0,00;0,00;0,00;14207,00;12667,00;13405,00;0,07;0,13;0,08;;1,00;1,50;1,00;0,66;0,00;0,66;3,25;0,00;1,32;3,65;3,84;1,55;0,81;0,00;0,91;0,96;1,00;0,89;0,85;
4.3.2015 02:00;001,1;000,0;;;;;20102;1455902;5669;174339;52;203;0;0;0;0;0;0;0;;0,75;1,50;0,75;0,00;0,00;0,00;14160,00;12685,00;13456,00;0,07;0,13;0,08;;0,75;1,50;1,00;0,00;0,00;0,66;3,25;0,00;0,66;3,65;3,84;1,93;0,81;0,00;0,91;0,96;1,00;0,89;0,85;
4.3.2015 02:15;001,1;000,0;;;;;20102;1455902;5669;174339;52;203;0;0;0;0;0;0;0;;0,75;1,50;0,75;0,00;0,00;0,00;14171,00;12674,00;13444,00;0,07;0,13;0,08;;0,75;1,50;1,00;0,00;0,00;0,66;3,25;0,00;0,66;3,65;3,84;1,93;0,81;0,00;0,91;0,96;1,00;0,89;0,85;
4.3.2015 02:30;001,5;000,0;;;;;20103;1455902;5669;174339;52;203;0;0;0;0;0;0;0;;1,00;1,50;0,75;0,00;0,00;0,00;14173,00;12672,00;13423,00;0,09;0,14;0,08;;1,25;1,50;1,00;0,75;0,00;0,66;3,75;0,00;1,41;4,10;4,24;1,38;0,94;0,00;1,02;1,06;1,00;0,92;0,88;
4.3.2015 02:45;001,4;000,0;;;;;20103;1455902;5669;174339;52;203;0;0;0;0;0;0;0;;0,75;1,50;0,75;0,00;0,00;0,00;14191,00;12677,00;13438,00;0,07;0,13;0,08;;1,00;1,50;1,00;0,66;0,00;0,66;3,25;0,00;1,32;3,65;3,84;1,56;0,81;0,00;0,91;0,96;1,00;0,89;0,85;
4.3.2015 03:00;001,4;000,0;;;;;20103;1455902;5669;174339;52;203;0;0;0;0;0;0;0;;0,75;1,50;0,75;0,00;0,00;0,00;14181,00;12700,00;13457,00;0,07;0,13;0,08;;0,75;1,50;1,00;0,00;0,00;0,66;3,25;0,00;0,66;3,69;3,87;1,99;0,81;0,00;0,92;0,97;1,00;0,88;0,84;
4.3.2015 03:15;001,3;000,0;;;;;20104;1455902;5669;174339;52;203;0;0;0;0;0;0;0;;0,75;1,50;0,75;0,00;0,00;0,00;14152,00;12667,00;13427,00;0,07;0,13;0,08;;0,75;1,50;1,00;0,00;0,00;0,66;3,25;0,00;0,66;3,65;3,83;1,92;0,81;0,00;0,91;0,96;1,00;0,89;0,85;
4.3.2015 03:30;001,3;000,0;;;;;20104;1455902;5669;174339;52;203;0;0;0;0;0;0;0;;0,75;1,50;0,75;0,00;0,00;0,00;14177,00;12655,00;13401,00;0,07;0,13;0,08;;1,00;1,50;1,00;0,66;0,00;0,66;3,25;0,00;1,32;3,64;3,83;1,54;0,81;0,00;0,91;0,96;1,00;0,89;0,85;
4.3.2015 03:45;001,2;000,0;;;;;20104;1455902;5669;174339;52;203;0;0;0;0;0;0;0;;0,75;1,50;0,75;0,00;0,00;0,00;14200,00;12677,00;13405,00;0,07;0,13;0,08;;1,00;1,50;1,00;0,66;0,00;0,66;3,25;0,00;1,32;3,71;3,91;1,72;0,81;0,00;0,93;0,98;1,00;0,87;0,83;
4.3.2015 04:00;001,1;000,0;;;;;20105;1455902;5669;174339;52;203;0;0;0;0;0;0;0;;0,75;1,50;0,75;0,00;0,00;0,00;14186,00;12639,00;13394,00;0,07;0,13;0,08;;1,00;1,50;1,00;0,66;0,00;0,66;3,25;0,00;1,32;3,64;3,83;1,54;0,81;0,00;0,91;0,96;1,00;0,89;0,85;
4.3.2015 04:15;001,1;000,0;;;;;20105;1455902;5669;174339;52;203;0;0;0;0;0;0;0;;0,75;1,25;0,75;0,00;0,00;0,00;14135,00;12628,00;13382,00;0,06;0,12;0,07;;0,75;1,25;0,75;0,00;0,00;0,00;2,75;0,00;0,00;3,34;3,50;2,16;0,69;0,00;0,84;0,87;1,00;0,82;0,79;
4.3.2015 04:30;001,2;000,0;;;;;20105;1455902;5669;174339;52;203;0;0;0;0;0;0;0;;0,75;1,50;0,75;0,00;0,00;0,00;14159,00;12629,00;13391,00;0,07;0,13;0,08;;1,00;1,50;1,00;0,66;0,00;0,66;3,25;0,00;1,32;3,64;3,83;1,53;0,81;0,00;0,91;0,96;1,00;0,89;0,85;
4.3.2015 04:45;001,2;000,0;;;;;20105;1455902;5669;174339;52;203;0;0;0;0;0;0;0;;0,75;0,25;0,50;0,00;0,00;0,00;14132,00;12622,00;13381,00;0,06;0,03;0,05;;0,75;0,25;0,50;0,00;0,00;0,00;1,75;0,00;0,00;1,90;1,94;0,84;0,44;0,00;0,47;0,49;1,00;0,92;0,90;
4.3.2015 05:00;-;-;-;-;-;-;20106;1455902;5669;174339;52;203;0;0;0;0;0;0;0;;0,75;1,50;0,75;0,00;0,00;0,00;14102,00;12604,00;13359,00;0,07;0,13;0,08;;1,00;1,50;1,00;0,66;0,00;0,66;3,25;0,00;1,32;3,63;3,82;1,50;0,81;0,00;0,91;0,95;1,00;0,90;0,85;
4.3.2015 06:29;000,8;000,0;;;;;20108;1455902;5671;174339;52;203;0;0;0;0;0;0;0;;-0,50;0,25;0,00;2,00;2,00;2,75;13926,00;12436,00;13147,00;0,17;0,18;0,23;;2,25;2,25;3,00;0,90;1,00;1,20;-0,00;6,75;3,10;7,66;7,75;2,20;-0,00;1,69;1,92;1,94;nan;-0,00;-0,00;
4.3.2015 06:30;000,8;000,0;;;;;20108;1455902;5671;174339;52;203;0;0;0;0;0;0;0;;-0,50;0,25;-0,25;0,00;0,50;1,25;13934,00;12437,00;13147,00;0,08;0,09;0,12;;1,00;1,00;1,50;0,87;0,83;0,79;-0,25;2,00;2,49;3,87;3,97;2,35;-0,06;0,50;0,97;0,99;-0,15;-0,06;-0,06;
4.3.2015 06:45;000,0;001,8;;;;;20108;1455902;5671;174339;52;203;0;0;0;0;0;0;0;;-3,50;-2,25;-3,00;0,00;0,75;1,50;13956,00;12458,00;13187,00;0,26;0,21;0,28;;3,50;2,50;3,75;0,00;0,79;1,68;-9,00;2,25;2,47;10,04;10,09;3,10;-2,25;0,56;2,51;2,52;0,97;-0,90;-0,89;
4.3.2015 07:00;000,0;005,7;;;;;20108;1455904;5671;174340;52;203;0;0;0;0;0;0;0;;-7,25;-5,75;-6,75;0,00;0,50;1,75;13945,00;12425,00;13132,00;0,53;0,47;0,54;;7,25;5,75;7,00;0,00;nan;0,61;-19,75;2,50;nan;20,32;20,33;NaN;-4,94;0,62;5,08;5,08;0,99;-0,97;-0,97;
4.3.2015 07:15;000,0;016,9;;;;;20108;1455908;5671;174340;52;203;0;0;0;0;0;0;0;;-24,25;-20,75;-22,75;0,50;1,00;3,75;13933,00;12412,00;13097,00;1,75;1,68;1,77;;24,25;20,75;23,00;nan;nan;nan;-67,75;5,50;nan;68,35;68,39;NaN;-16,94;1,38;17,09;17,10;1,00;-0,99;-0,99;
4.3.2015 07:30;000,0;039,1;;;;;20108;1455918;5671;174341;52;203;0;0;0;0;0;0;0;;-34,25;-30,75;-32,25;1,50;1,50;4,50;13887,00;12419,00;13147,00;2,49;2,49;2,50;;34,50;30,75;32,75;3,86;nan;3,50;-97,75;7,75;nan;98,17;98,27;NaN;-24,44;1,94;24,54;24,57;1,00;-1,00;-0,99;
4.3.2015 07:45;000,0;034,2;;;;;20108;1455926;5671;174342;52;203;0;0;0;0;0;0;0;;-12,25;-10,00;-11,50;0,00;0,75;2,25;13867,00;12381,00;13156,00;0,89;0,83;0,90;;12,25;10,00;11,75;0,00;nan;0,87;-34,00;3,25;nan;34,40;34,41;NaN;-8,50;0,81;8,60;8,60;1,00;-0,99;-0,99;
4.3.2015 08:00;000,0;011,4;;;;;20108;1455929;5671;174342;52;203;0;0;0;0;0;0;0;;-10,50;-8,50;-9,50;0,00;0,75;2,25;13952,00;12426,00;13153,00;0,75;0,69;0,76;;10,50;8,50;10,00;0,00;nan;2,17;-28,75;3,00;nan;29,10;29,12;NaN;-7,19;0,75;7,28;7,28;0,99;-0,99;-0,99;
4.3.2015 08:15;000,0;012,9;;;;;20108;1455932;5671;174342;52;203;0;0;0;0;0;0;0;;-10,50;-9,50;-9,75;0,75;0,50;1,50;13833,00;12393,00;13125,00;0,77;0,78;0,77;;10,50;9,50;10,00;nan;nan;1,64;-30,00;3,25;nan;30,46;30,50;NaN;-7,50;0,81;7,61;7,62;0,99;-0,98;-0,98;
4.3.2015 08:30;000,0;008,7;;;;;20108;1455935;5671;174342;52;203;0;0;0;0;0;0;0;;-8,25;-7,75;-7,75;0,75;0,75;1,25;13834,00;12370,00;13117,00;0,62;0,63;0,62;;8,50;7,75;8,00;1,90;nan;1,54;-24,25;3,00;nan;24,53;24,57;NaN;-6,06;0,75;6,13;6,14;0,99;-0,99;-0,99;
4.3.2015 08:45;000,0;011,8;;;;;20108;1455938;5671;174343;52;203;0;0;0;0;0;0;0;;-17,00;-14,25;-16,00;0,00;1,00;2,75;13826,00;12370,00;13096,00;1,23;1,17;1,25;;17,00;14,50;16,25;0,00;2,49;0,71;-47,50;3,75;3,19;47,98;48,01;4,90;-11,88;0,94;11,99;12,00;1,00;-0,99;-0,99;
4.3.2015 09:00;000,0;025,9;;;;;20108;1455944;5671;174343;52;203;0;0;0;0;0;0;0;;-31,75;-28,25;-29,75;1,50;1,25;4,25;13851,00;12384,00;13139,00;2,30;2,30;2,30;;31,75;28,25;30,00;nan;nan;nan;-90,00;7,25;nan;90,46;90,56;NaN;-22,50;1,81;22,62;22,64;1,00;-0,99;-0,99;
4.3.2015 09:15;000,0;031,2;;;;;20108;1455952;5671;174344;52;203;0;0;0;0;0;0;0;;-39,75;-34,75;-37,50;1,50;1,75;6,25;13839,00;12383,00;13130,00;2,89;2,81;2,90;;40,00;34,75;38,00;4,21;nan;nan;-112,25;9,75;nan;112,87;112,94;NaN;-28,06;2,44;28,22;28,23;1,00;-0,99;-0,99;
4.3.2015 09:30;000,0;044,3;;;;;20108;1455963;5671;174345;52;203;0;0;0;0;0;0;0;;-29,75;-25,75;-28,00;0,75;1,25;4,50;13860,00;12355,00;13101,00;2,16;2,10;2,18;;30,00;25,75;28,50;3,79;nan;2,83;-83,75;7,00;nan;84,42;84,47;NaN;-20,94;1,75;21,10;21,12;1,00;-0,99;-0,99;
4.3.2015 09:45;000,0;032,5;;;;;20108;1455971;5671;174346;52;203;0;0;0;0;0;0;0;;-31,50;-27,25;-29,50;1,00;1,25;5,00;13873,00;12363,00;13084,00;2,29;2,21;2,30;;31,75;27,25;30,00;3,85;nan;2,18;-88,50;7,25;nan;89,15;89,20;NaN;-22,12;1,81;22,29;22,30;1,00;-0,99;-0,99;
4.3.2015 10:00;000,0;032,4;;;;;20108;1455979;5671;174346;52;203;0;0;0;0;0;0;0;;-26,50;-23,50;-24,50;1,25;0,75;3,50;13844,00;12338,00;13066,00;1,92;1,92;1,91;;26,50;23,75;25,00;nan;3,35;3,54;-74,75;5,75;nan;75,29;75,37;NaN;-18,69;1,44;18,82;18,84;1,00;-0,99;-0,99;
4.3.2015 10:15;000,0;038,1;;;;;20108;1455989;5671;174347;52;203;0;0;0;0;0;0;0;;-32,00;-27,50;-29,75;1,00;1,25;5,00;13862,00;12370,00;13108,00;2,31;2,24;2,32;;32,00;27,50;30,25;nan;nan;2,24;-89,50;7,50;nan;90,11;90,16;NaN;-22,38;1,88;22,53;22,54;1,00;-0,99;-0,99;
4.3.2015 10:30;000,0;038,7;;;;;20108;1455998;5671;174348;52;203;0;0;0;0;0;0;0;;-40,25;-35,75;-37,50;2,25;1,75;5,50;13903,00;12396,00;13113,00;2,90;2,90;2,91;;40,25;36,00;38,00;nan;3,86;2,74;-113,75;9,50;nan;114,46;114,58;NaN;-28,44;2,38;28,61;28,65;1,00;-0,99;-0,99;
4.3.2015 10:45;000,0;022,1;;;;;20108;1456004;5671;174348;52;203;0;0;0;0;0;0;0;;-18,00;-16,25;-17,00;1,00;0,75;2,25;13888,00;12379,00;13124,00;1,31;1,33;1,32;;18,00;16,50;17,25;nan;2,76;1,87;-51,75;4,25;nan;51,95;52,02;NaN;-12,94;1,06;12,99;13,01;1,00;-1,00;-0,99;
4.3.2015 11:00;000,0;024,9;;;;;20108;1456010;5671;174349;52;203;0;0;0;0;0;0;0;;-22,50;-20,25;-21,00;1,25;0,75;2,75;13910,00;12415,00;13113,00;1,62;1,63;1,62;;22,50;20,25;21,00;nan;nan;nan;-63,75;5,00;nan;64,04;64,12;NaN;-15,94;1,25;16,01;16,03;1,00;-1,00;-0,99;
4.3.2015 11:15;000,0;031,3;;;;;20108;1456018;5671;174350;52;203;0;0;0;0;0;0;0;;-24,25;-22,00;-22,75;1,25;0,75;3,00;13884,00;12429,00;13099,00;1,76;1,78;1,76;;24,50;22,00;23,00;3,26;nan;1,56;-69,25;5,50;nan;69,72;69,80;NaN;-17,31;1,38;17,43;17,45;1,00;-0,99;-0,99;
4.3.2015 11:30;000,0;029,7;;;;;20108;1456025;5671;174350;52;203;0;0;0;0;0;0;0;;-28,50;-25,75;-26,75;1,50;1,00;3,75;13868,00;12439,00;13092,00;2,07;2,08;2,07;;28,50;25,75;27,00;nan;nan;nan;-81,00;6,50;nan;81,55;81,64;NaN;-20,25;1,62;20,39;20,41;1,00;-0,99;-0,99;
4.3.2015 11:45;000,0;026,6;;;;;20108;1456032;5671;174351;52;203;0;0;0;0;0;0;0;;-21,00;-19,00;-19,75;1,25;0,75;2,75;13862,00;12419,00;13044,00;1,53;1,54;1,54;;21,00;19,00;20,00;nan;nan;1,54;-60,00;5,00;nan;60,42;60,49;NaN;-15,00;1,25;15,10;15,12;1,00;-0,99;-0,99;
4.3.2015 12:00;000,0;037,0;;;;;20108;1456041;5671;174351;52;203;0;0;0;0;0;0;0;;-50,25;-45,25;-47,00;3,50;2,50;7,25;13891,00;12465,00;13104,00;3,64;3,65;3,64;;50,50;45,25;47,75;3,60;nan;4,30;-143,00;13,50;nan;143,83;143,97;NaN;-35,75;3,38;35,96;35,99;1,00;-0,99;-0,99;
4.3.2015 12:15;000,0;064,3;;;;;20108;1456057;5671;174353;52;203;0;0;0;0;0;0;0;;-49,25;-44,50;-46,50;2,75;2,25;6,50;13881,00;12441,00;13101,00;3,57;3,59;3,59;;49,50;44,50;47,00;4,14;nan;2,12;-140,50;11,75;nan;141,22;141,38;NaN;-35,12;2,94;35,30;35,34;1,00;-0,99;-0,99;
4.3.2015 12:30;000,0;051,0;;;;;20108;1456070;5671;174354;52;203;0;0;0;0;0;0;0;;-46,50;-41,50;-43,25;3,00;2,00;6,75;13924,00;12429,00;13107,00;3,36;3,36;3,36;;46,75;41,75;44,00;3,78;4,10;4,46;-131,75;11,75;12,34;132,58;132,73;NaN;-32,94;2,94;33,15;33,18;1,00;-0,99;-0,99;
4.3.2015 12:45;000,0;059,2;;;;;20108;1456085;5671;174355;52;203;0;0;0;0;0;0;0;;-38,00;-34,00;-35,50;2,25;1,50;5,00;13880,00;12399,00;13098,00;2,75;2,76;2,75;;38,00;34,00;35,75;nan;nan;nan;-107,75;9,00;nan;108,28;108,40;NaN;-26,94;2,25;27,07;27,10;1,00;-1,00;-0,99;
4.3.2015 13:00;000,0;037,7;;;;;20108;1456094;5671;174356;52;203;0;0;0;0;0;0;0;;-22,25;-20,00;-20,75;1,00;0,75;3,00;13920,00;12417,00;13113,00;1,62;1,62;1,62;;22,50;20,00;21,00;3,19;nan;1,20;-63,50;5,00;nan;63,77;63,85;NaN;-15,88;1,25;15,94;15,96;1,00;-1,00;-0,99;
4.3.2015 13:15;000,0;054,3;;;;;20108;1456108;5671;174357;52;203;0;0;0;0;0;0;0;;-67,00;-60,00;-63,00;3,75;3,00;9,25;13869,00;12404,00;13120,00;4,85;4,86;4,86;;67,00;60,25;63,75;nan;4,59;3,08;-190,25;16,50;nan;191,34;191,55;NaN;-47,56;4,12;47,84;47,89;1,00;-0,99;-0,99;
4.3.2015 13:30;000,0;094,7;;;;;20108;1456132;5671;174360;52;203;0;0;0;0;0;0;0;;-83,50;-74,50;-78,25;4,75;3,75;11,75;13946,00;12435,00;13132,00;6,00;6,00;6,03;;83,50;74,50;79,25;nan;nan;4,41;-236,25;20,50;nan;237,57;237,83;NaN;-59,06;5,12;59,39;59,46;1,00;-0,99;-0,99;
4.3.2015 13:45;000,0;158,0;;;;;20108;1456172;5671;174364;52;203;0;0;0;0;0;0;0;;-232,00;-206,75;-216,25;23,00;18,75;42,25;14008,00;12493,00;13207,00;16,65;16,63;16,70;;233,25;207,75;220,50;7,25;7,93;8,43;-655,50;84,25;23,62;661,61;662,33;36,59;-163,88;21,06;165,40;165,58;0,99;-0,99;-0,99;
4.3.2015 14:00;000,0;263,7;;;;;20108;1456238;5671;174373;52;203;0;0;0;0;0;0;0;;-230,75;-205,50;-214,50;22,75;18,50;42,00;14070,00;12550,00;13218,00;16,49;16,46;16,54;;232,00;206,50;218,50;7,80;8,35;nan;-651,00;83,50;nan;657,11;657,82;NaN;-162,75;20,88;164,28;164,45;0,99;-0,99;-0,99;
4.3.2015 14:15;000,0;251,3;;;;;20108;1456301;5671;174381;52;203;0;0;0;0;0;0;0;;-218,25;-194,50;-204,25;19,75;17,50;38,75;14057,00;12549,00;13278,00;15,59;15,57;15,67;;219,00;195,25;208,00;nan;nan;6,66;-617,00;76,25;nan;622,57;623,23;NaN;-154,25;19,06;155,64;155,81;0,99;-0,99;-0,99;
4.3.2015 14:30;000,0;239,2;;;;;20108;1456361;5671;174388;52;203;0;0;0;0;0;0;0;;-209,00;-187,00;-196,50;18,25;16,25;35,75;14007,00;12556,00;13306,00;14,98;14,96;15,02;;209,75;187,75;199,75;nan;4,12;3,12;-592,50;70,75;nan;597,56;598,13;NaN;-148,12;17,69;149,39;149,53;0,99;-0,99;-0,99;
4.3.2015 14:45;000,0;226,1;;;;;20108;1456417;5671;174395;52;203;0;0;0;0;0;0;0;;-199,75;-178,25;-187,50;17,00;14,75;34,25;14003,00;12517,00;13258,00;14,32;14,31;14,38;;200,50;179,00;190,50;3,34;7,10;nan;-565,75;66,00;nan;570,27;570,85;NaN;-141,44;16,50;142,57;142,71;0,99;-0,99;-0,99;
4.3.2015 15:00;000,0;177,6;;;;;20108;1456461;5671;174400;52;203;0;0;0;0;0;0;0;;-180,75;-160,50;-169,00;16,00;14,00;32,25;14041,00;12514,00;13278,00;12,93;12,89;12,97;;181,50;161,25;172,00;3,96;6,73;nan;-510,50;62,50;nan;514,97;515,51;NaN;-127,62;15,62;128,74;128,88;0,99;-0,99;-0,99;
4.3.2015 15:15;000,0;177,4;;;;;20108;1456506;5671;174404;52;203;0;0;0;0;0;0;0;;-142,00;-126,50;-134,00;9,75;9,50;22,75;13990,00;12477,00;13292,00;10,18;10,18;10,24;;142,25;127,00;136,00;nan;6,04;4,74;-402,75;42,25;nan;405,58;406,02;NaN;-100,69;10,56;101,40;101,50;0,99;-0,99;-0,99;
4.3.2015 15:30;000,0;168,0;;;;;20108;1456548;5671;174409;52;203;0;0;0;0;0;0;0;;-143,25;-128,25;-135,25;10,50;9,50;22,75;13949,00;12467,00;13243,00;10,31;10,33;10,36;;143,75;128,50;137,00;5,77;nan;nan;-407,00;43,00;nan;409,70;410,14;NaN;-101,75;10,75;102,42;102,54;0,99;-0,99;-0,99;
4.3.2015 15:45;000,0;146,0;;;;;20108;1456584;5671;174413;52;203;0;0;0;0;0;0;0;;-107,00;-95,50;-100,75;6,50;5,50;15,75;13969,00;12440,00;13226,00;7,69;7,71;7,73;;107,25;95,75;102,00;3,36;4,19;2,32;-303,75;28,25;9,87;305,54;305,89;20,29;-75,94;7,06;76,39;76,47;1,00;-0,99;-0,99;
4.3.2015 16:00;000,0;104,7;;;;;20108;1456610;5671;174415;52;203;0;0;0;0;0;0;0;;-50,25;-45,00;-47,25;2,75;2,00;6,75;13916,00;12405,00;13189,00;3,63;3,64;3,63;;50,25;45,00;47,75;nan;nan;1,39;-142,75;11,75;nan;143,61;143,78;NaN;-35,69;2,94;35,90;35,94;1,00;-0,99;-0,99;
4.3.2015 16:15;000,0;042,6;;;;;20108;1456620;5671;174416;52;203;0;0;0;0;0;0;0;;-46,25;-41,50;-43,50;2,75;2,25;6,75;13907,00;12436,00;13238,00;3,35;3,35;3,34;;46,50;41,50;44,25;3,95;nan;4,50;-131,75;12,00;nan;132,43;132,57;NaN;-32,94;3,00;33,11;33,14;1,00;-0,99;-0,99;
4.3.2015 16:30;000,0;058,2;;;;;20108;1456635;5671;174417;52;203;0;0;0;0;0;0;0;;-34,50;-31,00;-32,50;1,75;1,50;4,50;13930,00;12464,00;13262,00;2,48;2,49;2,48;;34,50;31,00;32,75;nan;nan;nan;-98,00;7,75;nan;98,47;98,58;NaN;-24,50;1,94;24,62;24,65;1,00;-1,00;-0,99;
4.3.2015 16:45;000,0;019,4;;;;;20108;1456640;5671;174418;52;203;0;0;0;0;0;0;0;;-11,25;-10,25;-10,50;0,75;0,75;1,75;13877,00;12414,00;13228,00;0,82;0,83;0,82;;11,25;10,25;10,75;nan;nan;1,50;-32,25;3,50;nan;32,56;32,60;NaN;-8,06;0,88;8,14;8,15;0,99;-0,99;-0,99;
4.3.2015 17:00;000,0;009,7;;;;;20108;1456642;5671;174418;52;203;0;0;0;0;0;0;0;;-5,75;-5,25;-5,25;0,75;0,50;1,25;13938,00;12453,00;13219,00;0,43;0,43;0,42;;5,75;5,25;5,50;nan;nan;1,06;-16,25;2,75;nan;16,90;16,92;NaN;-4,06;0,69;4,22;4,23;0,99;-0,96;-0,96;
4.3.2015 17:15;000,0;004,7;;;;;20108;1456643;5671;174418;52;203;0;0;0;0;0;0;0;;-2,00;-2,00;-1,75;0,75;0,50;0,75;13929,00;12419,00;13187,00;0,18;0,18;0,16;;2,50;2,25;2,00;1,30;0,90;0,61;-6,00;2,50;2,81;6,95;6,97;NaN;-1,50;0,62;1,74;1,74;0,91;-0,86;-0,86;
4.3.2015 17:30;000,0;000,9;;;;;20108;1456643;5671;174418;52;203;0;0;0;0;0;0;0;;0,00;0,00;0,25;0,75;0,50;0,50;13862,00;12400,00;13168,00;0,10;0,10;0,10;;1,25;1,00;1,25;1,00;0,87;1,12;0,25;2,25;2,98;3,94;3,95;1,25;0,06;0,56;0,99;0,99;-0,91;0,06;0,06;
4.3.2015 17:45;000,4;000,0;;;;;20108;1456643;5671;174418;52;203;0;0;0;0;0;0;0;;0,25;0,25;0,25;0,00;0,00;0,00;13882,00;12384,00;13189,00;0,03;0,02;0,04;;0,25;0,25;0,50;0,00;0,00;0,43;1,00;0,00;0,43;1,26;1,28;0,68;0,25;0,00;0,31;0,32;1,00;0,80;0,78;
4.3.2015 18:00;000,5;000,0;;;;;20108;1456643;5671;174418;52;203;0;0;0;0;0;0;0;;0,25;0,25;0,25;0,00;0,00;0,00;13937,00;12400,00;13170,00;0,03;0,02;0,04;;0,25;0,25;0,50;0,00;0,00;0,43;1,00;0,00;0,43;1,23;1,24;0,60;0,25;0,00;0,31;0,31;1,00;0,82;0,80;
4.3.2015 18:15;000,5;000,0;;;;;20108;1456643;5671;174418;52;203;0;0;0;0;0;0;0;;0,25;0,25;0,25;0,00;0,00;0,00;13865,00;12391,00;13187,00;0,03;0,02;0,04;;0,25;0,25;0,50;0,00;0,00;0,43;1,00;0,00;0,43;1,22;1,24;0,60;0,25;0,00;0,31;0,31;1,00;0,82;0,81;
4.3.2015 18:30;000,5;000,0;;;;;20108;1456643;5671;174418;52;203;0;0;0;0;0;0;0;;0,25;0,25;0,25;0,00;0,00;0,00;13824,00;12367,00;13174,00;0,03;0,02;0,04;;0,25;0,25;0,50;0,00;0,00;0,43;1,00;0,00;0,43;1,22;1,24;0,59;0,25;0,00;0,31;0,31;1,00;0,82;0,81;
4.3.2015 18:45;000,5;000,0;;;;;20108;1456643;5671;174418;52;203;0;0;0;0;0;0;0;;0,25;0,25;0,25;0,00;0,00;0,00;13839,00;12367,00;13147,00;0,03;0,02;0,04;;0,25;0,25;0,50;0,00;0,00;0,43;1,00;0,00;0,43;1,22;1,24;0,59;0,25;0,00;0,31;0,31;1,00;0,82;0,81;
4.3.2015 19:00;000,6;000,0;;;;;20108;1456643;5671;174418;52;203;0;0;0;0;0;0;0;;0,25;0,25;0,25;0,00;0,00;0,00;13862,00;12382,00;13159,00;0,03;0,02;0,04;;0,25;0,25;0,50;0,00;0,00;0,43;1,00;0,00;0,43;1,22;1,24;0,59;0,25;0,00;0,31;0,31;1,00;0,82;0,81;
4.3.2015 19:15;001,1;000,0;;;;;20109;1456643;5671;174418;52;203;0;0;0;0;0;0;0;;0,25;0,25;0,25;0,00;0,00;0,00;13889,00;12393,00;13179,00;0,03;0,02;0,04;;0,25;0,25;0,50;0,00;0,00;0,43;1,00;0,00;0,43;1,22;1,24;0,60;0,25;0,00;0,31;0,31;1,00;0,82;0,80;
4.3.2015 19:30;001,0;000,0;;;;;20109;1456643;5671;174418;52;203;0;0;0;0;0;0;0;;0,25;0,25;0,25;0,00;0,00;0,00;13925,00;12406,00;13168,00;0,03;0,02;0,04;;0,25;0,25;0,50;0,00;0,00;0,43;1,00;0,00;0,43;1,23;1,24;0,60;0,25;0,00;0,31;0,31;1,00;0,82;0,80;
4.3.2015 19:45;000,5;000,0;;;;;20109;1456643;5671;174418;52;203;0;0;0;0;0;0;0;;0,25;0,25;0,25;0,00;0,00;0,00;13901,00;12418,00;13179,00;0,03;0,02;0,04;;0,25;0,25;0,50;0,00;0,00;0,43;1,00;0,00;0,43;1,23;1,24;0,60;0,25;0,00;0,31;0,31;1,00;0,82;0,80;
4.3.2015 20:00;001,1;000,0;;;;;20109;1456643;5671;174418;52;203;0;0;0;0;0;0;0;;0,75;1,50;0,75;0,00;0,00;0,00;13901,00;12433,00;13197,00;0,07;0,12;0,07;;0,75;1,50;0,75;0,00;0,00;0,00;3,25;0,00;0,00;3,52;3,69;1,76;0,81;0,00;0,88;0,92;1,00;0,92;0,88;
4.3.2015 20:15;001,1;000,0;;;;;20109;1456643;5671;174418;52;203;0;0;0;0;0;0;0;;0,25;0,25;0,25;0,00;0,00;0,00;13911,00;12416,00;13197,00;0,03;0,02;0,04;;0,25;0,25;0,50;0,00;0,00;0,43;1,00;0,00;0,43;1,26;1,28;0,68;0,25;0,00;0,31;0,32;1,00;0,79;0,78;
4.3.2015 20:30;001,2;000,0;;;;;20110;1456643;5671;174418;52;203;0;0;0;0;0;0;0;;0,75;1,50;0,75;0,00;0,00;0,00;13922,00;12387,00;13170,00;0,07;0,12;0,07;;0,75;1,50;0,75;0,00;0,00;0,00;3,25;0,00;0,00;3,48;3,66;1,69;0,81;0,00;0,87;0,92;1,00;0,93;0,89;
4.3.2015 20:45;001,0;000,0;;;;;20110;1456643;5671;174418;52;203;0;0;0;0;0;0;0;;0,75;1,50;0,75;0,00;0,00;0,00;13934,00;12417,00;13186,00;0,07;0,12;0,07;;0,75;1,50;0,75;0,00;0,00;0,00;3,25;0,00;0,00;3,48;3,67;1,70;0,81;0,00;0,87;0,92;1,00;0,93;0,89;
4.3.2015 21:00;001,3;000,0;;;;;20110;1456643;5671;174418;52;203;0;0;0;0;0;0;0;;0,75;1,50;0,75;0,00;0,00;0,00;13906,00;12442,00;13235,00;0,07;0,12;0,07;;0,75;1,50;0,75;0,00;0,00;0,00;3,25;0,00;0,00;3,52;3,70;1,77;0,81;0,00;0,88;0,92;1,00;0,92;0,88;
4.3.2015 21:15;001,3;000,0;;;;;20111;1456643;5671;174418;52;203;0;0;0;0;0;0;0;;0,75;1,50;0,75;0,00;0,00;0,00;13917,00;12447,00;13264,00;0,07;0,12;0,07;;0,75;1,50;1,00;0,00;0,00;0,66;3,25;0,00;0,66;3,52;3,70;1,65;0,81;0,00;0,88;0,93;1,00;0,92;0,88;
4.3.2015 21:30;001,4;000,0;;;;;20111;1456643;5671;174418;52;203;0;0;0;0;0;0;0;;0,75;1,50;0,75;0,00;0,00;0,00;13941,00;12460,00;13229,00;0,07;0,12;0,07;;0,75;1,50;1,00;0,00;0,00;0,66;3,25;0,00;0,66;3,53;3,70;1,65;0,81;0,00;0,88;0,93;1,00;0,92;0,88;
4.3.2015 21:45;001,3;000,0;;;;;20111;1456643;5671;174418;52;203;0;0;0;0;0;0;0;;0,75;1,50;0,75;0,00;0,00;0,00;13998,00;12487,00;13234,00;0,07;0,13;0,07;;0,75;1,50;1,00;0,00;0,00;0,66;3,25;0,00;0,66;3,56;3,76;1,76;0,81;0,00;0,89;0,94;1,00;0,91;0,87;
4.3.2015 22:00;001,3;000,0;;;;;20112;1456643;5671;174418;52;203;0;0;0;0;0;0;0;;0,75;1,50;0,75;0,00;0,00;0,00;13947,00;12483,00;13266,00;0,07;0,13;0,07;;0,75;1,50;1,00;0,00;0,00;0,66;3,25;0,00;0,66;3,56;3,75;1,76;0,81;0,00;0,89;0,94;1,00;0,91;0,87;
4.3.2015 22:15;001,3;000,0;;;;;20112;1456643;5671;174418;52;203;0;0;0;0;0;0;0;;0,75;1,50;0,75;0,00;0,00;0,00;13980,00;12485,00;13247,00;0,07;0,12;0,07;;0,75;1,50;1,00;0,00;0,00;0,66;3,25;0,00;0,66;3,53;3,71;1,67;0,81;0,00;0,88;0,93;1,00;0,92;0,88;
4.3.2015 22:30;001,3;000,0;;;;;20112;1456643;5671;174418;52;203;0;0;0;0;0;0;0;;0,75;1,50;0,75;0,00;0,00;0,00;13987,00;12522,00;13296,00;0,07;0,13;0,07;;0,75;1,50;1,00;0,00;0,00;0,66;3,25;0,00;0,66;3,57;3,76;1,78;0,81;0,00;0,89;0,94;1,00;0,91;0,86;
4.3.2015 22:45;001,4;000,0;;;;;20113;1456643;5671;174418;52;203;0;0;0;0;0;0;0;;1,00;1,50;0,75;0,00;0,00;0,00;13962,00;12523,00;13300,00;0,09;0,13;0,08;;1,25;1,50;1,00;0,75;0,00;0,66;3,75;0,00;1,41;3,98;4,12;0,96;0,94;0,00;1,00;1,03;1,00;0,94;0,91;
4.3.2015 23:00;001,5;000,0;;;;;20113;1456643;5671;174418;52;203;0;0;0;0;0;0;0;;1,00;1,50;0,75;0,00;0,00;0,00;14034,00;12517,00;13247,00;0,09;0,13;0,07;;1,25;1,50;1,00;0,75;0,00;0,66;3,75;0,00;1,41;3,95;4,10;0,86;0,94;0,00;0,99;1,02;1,00;0,95;0,92;
4.3.2015 23:15;001,4;000,0;;;;;20113;1456643;5671;174418;52;203;0;0;0;0;0;0;0;;0,75;1,50;0,75;0,00;0,00;0,00;13942,00;12527,00;13290,00;0,07;0,13;0,07;;0,75;1,50;1,00;0,00;0,00;0,66;3,25;0,00;0,66;3,57;3,76;1,77;0,81;0,00;0,89;0,94;1,00;0,91;0,86;
4.3.2015 23:30;001,3;000,0;;;;;20114;1456643;5671;174418;52;203;0;0;0;0;0;0;0;;0,75;1,50;0,75;0,00;0,00;0,00;14028,00;12529,00;13274,00;0,07;0,13;0,07;;0,75;1,50;1,00;0,00;0,00;0,66;3,25;0,00;0,66;3,57;3,77;1,79;0,81;0,00;0,89;0,94;1,00;0,91;0,86;
4.3.2015 23:45;001,3;000,0;;;;;20114;1456643;5671;174418;52;203;0;0;0;0;0;0;0;;0,75;1,50;0,75;0,00;0,00;0,00;14039,00;12550,00;13310,00;0,07;0,13;0,07;;0,75;1,50;1,00;0,00;0,00;0,66;3,25;0,00;0,66;3,58;3,77;1,80;0,81;0,00;0,90;0,94;1,00;0,91;0,86;
5.3.2015 00:00;001,4;000,0;;;;;20114;1456643;5671;174418;52;203;0;0;0;0;0;0;0;;1,00;1,50;0,75;0,00;0,00;0,00;14018,00;12536,00;13271,00;0,09;0,13;0,07;;1,25;1,50;1,00;0,75;0,00;0,66;3,75;0,00;1,41;3,95;4,10;0,87;0,94;0,00;0,99;1,03;1,00;0,95;0,91;
5.3.2015 00:15;001,4;000,0;;;;;20115;1456643;5671;174418;52;203;0;0;0;0;0;0;0;;0,75;1,50;0,75;0,00;0,00;0,00;14004,00;12579,00;13346,00;0,07;0,13;0,07;;0,75;1,50;1,00;0,00;0,00;0,66;3,25;0,00;0,66;3,59;3,78;1,81;0,81;0,00;0,90;0,94;1,00;0,91;0,86;
5.3.2015 00:30;001,2;000,0;;;;;20115;1456643;5671;174418;52;203;0;0;0;0;0;0;0;;0,25;0,25;0,50;0,00;0,00;0,00;14063,00;12568,00;13311,00;0,04;0,02;0,04;;0,25;0,25;0,50;0,00;0,00;0,00;1,00;0,00;0,00;1,31;1,33;0,88;0,25;0,00;0,33;0,33;1,00;0,76;0,75;
5.3.2015 00:45;001,3;000,0;;;;;20115;1456643;5671;174418;52;203;0;0;0;0;0;0;0;;0,75;1,50;0,75;0,00;0,00;0,00;14037,00;12557,00;13309,00;0,07;0,13;0,07;;0,75;1,50;1,00;0,00;0,00;0,66;3,25;0,00;0,66;3,58;3,77;1,80;0,81;0,00;0,90;0,94;1,00;0,91;0,86;
5.3.2015 01:00;001,0;000,0;;;;;20116;1456643;5671;174418;52;203;0;0;0;0;0;0;0;;0,75;1,50;0,75;0,00;0,00;0,00;14018,00;12569,00;13327,00;0,07;0,13;0,07;;0,75;1,50;1,00;0,00;0,00;0,66;3,25;0,00;0,66;3,58;3,77;1,80;0,81;0,00;0,90;0,94;1,00;0,91;0,86;
5.3.2015 01:15;001,3;000,0;;;;;20116;1456643;5671;174418;52;203;0;0;0;0;0;0;0;;0,75;1,50;0,75;0,00;0,00;0,00;14043,00;12577,00;13343,00;0,07;0,13;0,07;;0,75;1,50;1,00;0,00;0,00;0,66;3,25;0,00;0,66;3,59;3,78;1,81;0,81;0,00;0,90;0,94;1,00;0,91;0,86;
5.3.2015 01:30;001,3;000,0;;;;;20116;1456643;5671;174418;52;203;0;0;0;0;0;0;0;;0,75;1,50;0,75;0,00;0,00;0,00;14023,00;12551,00;13326,00;0,07;0,13;0,07;;0,75;1,50;1,00;0,00;0,00;0,66;3,25;0,00;0,66;3,58;3,77;1,80;0,81;0,00;0,90;0,94;1,00;0,91;0,86;
5.3.2015 01:45;001,3;000,0;;;;;20117;1456643;5671;174418;52;203;0;0;0;0;0;0;0;;0,75;1,50;0,75;0,00;0,00;0,00;14077,00;12565,00;13313,00;0,07;0,13;0,07;;0,75;1,50;1,00;0,00;0,00;0,66;3,25;0,00;0,66;3,59;3,78;1,81;0,81;0,00;0,90;0,94;1,00;0,91;0,86;
5.3.2015 02:00;001,0;000,0;;;;;20117;1456643;5671;174418;52;203;0;0;0;0;0;0;0;;0,75;1,50;0,75;0,00;0,00;0,00;14069,00;12569,00;13336,00;0,07;0,13;0,07;;0,75;1,50;1,00;0,00;0,00;0,66;3,25;0,00;0,66;3,59;3,78;1,82;0,81;0,00;0,90;0,95;1,00;0,91;0,86;
5.3.2015 02:15;001,4;000,0;;;;;20117;1456643;5671;174418;52;203;0;0;0;0;0;0;0;;0,75;1,50;0,75;0,00;0,00;0,00;14077,00;12601,00;13374,00;0,07;0,13;0,08;;0,75;1,50;1,00;0,00;0,00;0,66;3,25;0,00;0,66;3,63;3,81;1,89;0,81;0,00;0,91;0,95;1,00;0,90;0,85;
