Cas;P+;P-;Q1;Q2;Q3;Q4;A+;A-;AQ1;AQ2;AQ3;AQ4;S;AP1;AP2;AP3;D1;D2;D3;;P1;P2;P3;Q1;Q2;Q3;U1;U2;U3;I1;I2;I3;;S1;S2;S3;D1;D2;D3;P;Q;D;Sa;Sr;N;AP++;AQ++;Asa++;Asr++;cosFi;P/Sa;P/Sr
 ;"1.5";"2.5";"5.5";"6.5";"7.5";"8.5";"1.8";"2.8";"5.8";"6.8";"7.8";"8.8";"9.8";"21.8";"41.8";"61.8";"181.5";"182.5";"183.5"
 ;[kW];[kW];[kvar];[kvar];[kvar];[kvar];[kWh];[kWh];[kvarh];[kvarh];[kvarh];[kvarh];[kVAh];[kWh];[kWh];[kWh];[kvar];[kvar];[kvar]; ;[kW];[kW];[kW];[kvar];[kvar];[kvar];[V];[V];[V];[A];[A];[A]; ;[kVA];[kVA];[kVA];[kvar];[kvar];kvar];[kW];[kvar];[kvar];[kVAh];[kVAh];[kvar];[kWh];[kvarh];[kVAh];[kVAh]
1.2.2015 00:00;001,7;000,0;;;;;19551;1430916;5576;171501;52;194;0;0;0;0;0;0;0;;1,25;2,00;1,00;-0,50;0,00;0,00;13862,00;12549,00;13381,00;0,10;0,16;0,09;;1,25;2,00;1,00;nan;0,00;0,00;4,25;-0,50;nan;4,63;4,84;NaN;1,06;-0,12;1,16;1,21;0,99;0,92;0,88;
1.2.2015 00:15;001,9;000,0;;;;;19551;1430916;5576;171501;52;194;0;0;0;0;0;0;0;;1,50;2,00;1,00;-0,50;0,00;0,00;13841,00;12578,00;13410,00;0,13;0,17;0,09;;1,75;2,00;1,00;0,75;0,00;0,00;4,75;-0,50;0,75;5,08;5,27;2,09;1,19;-0,12;1,27;1,32;0,99;0,94;0,90;
1.2.2015 00:30;002,0;000,0;;;;;19552;1430916;5576;171501;52;194;0;0;0;0;0;0;0;;1,50;2,00;1,00;-0,50;0,00;0,00;13850,00;12568,00;13396,00;0,13;0,17;0,09;;1,75;2,00;1,00;0,75;0,00;0,00;4,75;-0,50;0,75;5,04;5,24;2,03;1,19;-0,12;1,26;1,31;0,99;0,94;0,91;
1.2.2015 00:45;002,0;000,0;;;;;19552;1430916;5576;171501;52;194;0;0;0;0;0;0;0;;1,50;2,00;1,00;-0,50;0,00;0,00;13857,00;12565,00;13378,00;0,13;0,17;0,09;;1,75;2,00;1,00;0,75;0,00;0,00;4,75;-0,50;0,75;5,04;5,24;2,03;1,19;-0,12;1,26;1,31;0,99;0,94;0,91;
1.2.2015 01:00;001,9;000,0;;;;;19552;1430916;5576;171501;52;194;0;0;0;0;0;0;0;;1,25;2,00;1,00;-0,50;0,00;0,00;13841,00;12607,00;13443,00;0,10;0,16;0,09;;1,25;2,00;1,00;nan;0,00;0,00;4,25;-0,50;nan;4,68;4,89;NaN;1,06;-0,12;1,17;1,22;0,99;0,91;0,87;
1.2.2015 01:15;001,9;000,0;;;;;19553;1430916;5576;171501;52;194;0;0;0;0;0;0;0;;1,25;2,00;1,00;-0,50;0,00;0,00;13862,00;12599,00;13427,00;0,10;0,16;0,09;;1,25;2,00;1,00;nan;0,00;0,00;4,25;-0,50;nan;4,65;4,85;NaN;1,06;-0,12;1,16;1,21;0,99;0,91;0,88;
1.2.2015 01:30;001,9;000,0;;;;;19553;1430916;5576;171501;52;194;0;0;0;0;0;0;0;;1,50;2,00;1,00;-0,50;0,00;0,00;13876,00;12583,00;13406,00;0,13;0,17;0,09;;1,75;2,00;1,00;0,75;0,00;0,00;4,75;-0,50;0,75;5,08;5,27;2,11;1,19;-0,12;1,27;1,32;0,99;0,93;0,90;
1.2.2015 01:45;002,0;000,0;;;;;19554;1430916;5576;171501;52;194;0;0;0;0;0;0;0;;1,50;2,00;1,00;-0,50;0,00;0,00;13893,00;12589,00;13404,00;0,13;0,17;0,09;;1,75;2,00;1,00;0,75;0,00;0,00;4,75;-0,50;0,75;5,09;5,28;2,11;1,19;-0,12;1,27;1,32;0,99;0,93;0,90;
1.2.2015 02:00;001,9;000,0;;;;;19554;1430916;5576;171501;52;194;0;0;0;0;0;0;0;;1,50;2,00;1,00;-0,50;0,00;0,00;13875,00;12622,00;13449,00;0,13;0,17;0,09;;1,75;2,00;1,00;0,75;0,00;0,00;4,75;-0,50;0,75;5,13;5,33;2,23;1,19;-0,12;1,28;1,33;0,99;0,93;0,89;
1.2.2015 02:15;002,0;000,0;;;;;19555;1430916;5576;171501;52;194;0;0;0;0;0;0;0;;1,50;2,00;1,00;-0,50;0,00;0,00;13896,00;12614,00;13418,00;0,13;0,17;0,09;;1,75;2,00;1,00;0,75;0,00;0,00;4,75;-0,50;0,75;5,12;5,32;2,23;1,19;-0,12;1,28;1,33;0,99;0,93;0,89;
1.2.2015 02:30;002,0;000,0;;;;;19555;1430916;5576;171501;52;194;0;0;0;0;0;0;0;;1,50;2,00;1,00;-0,50;0,00;0,00;13911,00;12595,00;13386,00;0,13;0,17;0,09;;1,75;2,00;1,00;0,75;0,00;0,00;4,75;-0,50;0,75;5,09;5,28;2,12;1,19;-0,12;1,27;1,32;0,99;0,93;0,90;
1.2.2015 02:45;001,9;000,0;;;;;19556;1430916;5576;171501;52;194;0;0;0;0;0;0;0;;1,50;2,00;1,00;-0,50;0,00;0,00;13870,00;12584,00;13376,00;0,13;0,17;0,09;;1,75;2,00;1,00;0,75;0,00;0,00;4,75;-0,50;0,75;5,05;5,25;2,04;1,19;-0,12;1,26;1,31;0,99;0,94;0,91;
1.2.2015 03:00;002,0;000,0;;;;;19556;1430916;5576;171501;52;194;0;0;0;0;0;0;0;;1,50;2,00;1,00;-0,50;0,00;0,00;13840,00;12579,00;13382,00;0,13;0,17;0,09;;1,75;2,00;1,00;0,75;0,00;0,00;4,75;-0,50;0,75;5,08;5,26;2,08;1,19;-0,12;1,27;1,32;0,99;0,94;0,90;
1.2.2015 03:15;001,9;000,0;;;;;19557;1430916;5576;171501;52;194;0;0;0;0;0;0;0;;1,50;2,00;1,00;-0,50;0,00;0,00;13859,00;12581,00;13377,00;0,13;0,17;0,09;;1,75;2,00;1,00;0,75;0,00;0,00;4,75;-0,50;0,75;5,04;5,24;2,03;1,19;-0,12;1,26;1,31;0,99;0,94;0,91;
1.2.2015 03:30;002,0;000,0;;;;;19557;1430916;5577;171501;52;194;0;0;0;0;0;0;0;;1,50;2,00;1,00;-0,50;0,00;0,00;13833,00;12590,00;13382,00;0,13;0,17;0,09;;1,75;2,00;1,00;0,75;0,00;0,00;4,75;-0,50;0,75;5,04;5,24;2,03;1,19;-0,12;1,26;1,31;0,99;0,94;0,91;
1.2.2015 03:45;002,0;000,0;;;;;19558;1430916;5577;171501;52;194;0;0;0;0;0;0;0;;1,50;2,00;1,00;-0,50;0,00;0,00;13868,00;12584,00;13362,00;0,13;0,17;0,09;;1,75;2,00;1,00;0,75;0,00;0,00;4,75;-0,50;0,75;5,05;5,24;2,03;1,19;-0,12;1,26;1,31;0,99;0,94;0,91;
1.2.2015 04:00;001,9;000,0;;;;;19558;1430916;5577;171501;52;194;0;0;0;0;0;0;0;;1,50;2,00;1,00;-0,50;0,00;0,00;13852,00;12540,00;13314,00;0,13;0,17;0,09;;1,75;2,00;1,00;0,75;0,00;0,00;4,75;-0,50;0,75;5,03;5,23;2,00;1,19;-0,12;1,26;1,31;0,99;0,94;0,91;
1.2.2015 04:15;002,0;000,0;;;;;19559;1430916;5577;171501;52;194;0;0;0;0;0;0;0;;1,50;2,00;1,00;-0,50;0,00;0,00;13861,00;12566,00;13355,00;0,13;0,17;0,09;;1,75;2,00;1,00;0,75;0,00;0,00;4,75;-0,50;0,75;5,04;5,24;2,02;1,19;-0,12;1,26;1,31;0,99;0,94;0,91;
1.2.2015 04:30;002,0;000,0;;;;;19559;1430916;5577;171501;52;194;0;0;0;0;0;0;0;;1,50;2,00;1,00;-0,50;0,00;0,00;13861,00;12568,00;13352,00;0,13;0,17;0,09;;1,75;2,00;1,00;0,75;0,00;0,00;4,75;-0,50;0,75;5,04;5,24;2,02;1,19;-0,12;1,26;1,31;0,99;0,94;0,91;
1.2.2015 04:45;001,9;000,0;;;;;19560;1430916;5577;171501;52;194;0;0;0;0;0;0;0;;1,50;1,75;1,00;0,00;0,00;0,00;13848,00;12558,00;13358,00;0,12;0,14;0,08;;1,50;1,75;1,00;0,00;0,00;0,00;4,25;0,00;0,00;4,45;4,58;1,72;1,06;0,00;1,11;1,15;1,00;0,95;0,93;
1.2.2015 05:00;001,8;000,0;;;;;19560;1430916;5577;171501;52;194;0;0;0;0;0;0;0;;1,50;1,50;1,00;0,00;0,00;0,00;13815,00;12513,00;13303,00;0,12;0,14;0,08;;1,50;1,75;1,00;0,00;0,90;0,00;4,25;0,00;0,90;4,41;4,55;1,34;1,06;0,00;1,10;1,14;1,00;0,96;0,93;
1.2.2015 05:15;001,8;000,0;;;;;19561;1430916;5577;171501;52;194;0;0;0;0;0;0;0;;1,50;2,00;1,00;-0,50;0,00;0,00;13798,00;12513,00;13293,00;0,13;0,17;0,09;;1,75;2,00;1,00;0,75;0,00;0,00;4,75;-0,50;0,75;5,02;5,22;1,96;1,19;-0,12;1,25;1,30;0,99;0,95;0,91;
1.2.2015 05:30;001,9;000,0;;;;;19561;1430916;5577;171501;52;194;0;0;0;0;0;0;0;;1,50;1,50;1,00;0,00;0,00;0,00;13796,00;12524,00;13308,00;0,12;0,14;0,08;;1,50;1,75;1,00;0,00;0,90;0,00;4,25;0,00;0,90;4,41;4,55;1,34;1,06;0,00;1,10;1,14;1,00;0,96;0,93;
1.2.2015 05:45;001,7;000,0;;;;;19562;1430916;5577;171501;52;194;0;0;0;0;0;0;0;;1,50;1,50;1,00;0,00;0,00;0,00;13795,00;12497,00;13283,00;0,12;0,14;0,08;;1,50;1,75;1,00;0,00;0,90;0,00;4,25;0,00;0,90;4,40;4,54;1,32;1,06;0,00;1,10;1,13;1,00;0,97;0,94;
1.2.2015 06:00;001,9;000,0;;;;;19562;1430916;5577;171501;52;194;0;0;0;0;0;0;0;;1,50;1,50;1,00;0,00;0,00;0,00;13809,00;12508,00;13292,00;0,12;0,14;0,08;;1,50;1,75;1,00;0,00;0,90;0,00;4,25;0,00;0,90;4,40;4,54;1,33;1,06;0,00;1,10;1,14;1,00;0,97;0,94;
1.2.2015 06:15;001,8;000,0;;;;;19563;1430916;5577;171501;52;194;0;0;0;0;0;0;0;;1,50;2,00;1,00;-0,50;0,00;0,00;13761,00;12471,00;13257,00;0,13;0,17;0,09;;1,75;2,00;1,00;0,75;0,00;0,00;4,75;-0,50;0,75;5,00;5,20;1,92;1,19;-0,12;1,25;1,30;0,99;0,95;0,91;
1.2.2015 06:30;001,8;000,0;;;;;19563;1430916;5577;171501;52;194;0;0;0;0;0;0;0;;1,50;1,50;1,00;0,00;0,00;0,00;13737,00;12473,00;13260,00;0,12;0,14;0,08;;1,50;1,75;1,00;0,00;0,90;0,00;4,25;0,00;0,90;4,39;4,53;1,27;1,06;0,00;1,10;1,13;1,00;0,97;0,94;
1.2.2015 06:45;001,8;000,0;;;;;19563;1430916;5577;171501;52;194;0;0;0;0;0;0;0;;1,50;1,50;1,00;0,00;0,00;0,00;13739,00;12477,00;13245,00;0,12;0,14;0,08;;1,50;1,75;1,00;0,00;0,90;0,00;4,25;0,00;0,90;4,39;4,53;1,27;1,06;0,00;1,10;1,13;1,00;0,97;0,94;
1.2.2015 07:00;001,8;000,0;;;;;19564;1430916;5577;171501;52;194;0;0;0;0;0;0;0;;1,50;2,00;1,00;-0,50;0,00;0,00;13742,00;12476,00;13257,00;0,13;0,17;0,09;;1,75;2,00;1,00;0,75;0,00;0,00;4,75;-0,50;0,75;5,00;5,20;1,91;1,19;-0,12;1,25;1,30;0,99;0,95;0,91;
1.2.2015 07:15;001,8;000,0;;;;;19564;1430916;5577;171501;52;194;0;0;0;0;0;0;0;;1,50;1,50;1,00;0,00;0,00;0,00;13770,00;12478,00;13251,00;0,12;0,14;0,08;;1,50;1,75;1,00;0,00;0,90;0,00;4,25;0,00;0,90;4,39;4,53;1,29;1,06;0,00;1,10;1,13;1,00;0,97;0,94;
1.2.2015 07:30;001,7;000,0;;;;;19565;1430916;5577;171501;52;194;0;0;0;0;0;0;0;;1,50;1,50;1,00;0,00;0,00;0,00;13756,00;12490,00;13259,00;0,12;0,14;0,08;;1,50;1,75;1,00;0,00;0,90;0,00;4,25;0,00;0,90;4,39;4,53;1,29;1,06;0,00;1,10;1,13;1,00;0,97;0,94;
1.2.2015 07:45;001,7;000,0;;;;;19565;1430916;5578;171501;52;194;0;0;0;0;0;0;0;;0,00;1,50;1,25;8,25;7,75;9,25;13755,00;12475,00;13275,00;0,61;0,64;0,72;;8,25;8,00;9,50;0,00;1,30;1,77;2,75;25,50;3,07;25,93;26,03;3,21;0,69;6,38;6,48;6,51;-0,99;0,11;0,11;
1.2.2015 08:00;000,9;000,0;;;;;19565;1430916;5579;171501;52;194;0;0;0;0;0;0;0;;0,00;0,75;0,00;0,00;0,75;1,00;13755,00;12491,00;13286,00;0,06;0,11;0,11;;0,00;1,25;1,25;0,00;0,66;0,75;0,75;2,00;1,41;3,66;3,83;2,84;0,19;0,50;0,91;0,96;-0,89;0,21;0,20;
1.2.2015 08:15;000,0;000,2;;;;;19565;1430917;5579;171501;52;194;0;0;0;0;0;0;0;;-0,50;0,00;-0,50;0,00;0,75;1,00;13738,00;12465,00;13265,00;0,07;0,09;0,11;;1,00;1,00;1,50;0,87;0,66;1,00;-1,25;2,00;2,53;3,61;3,68;1,26;-0,31;0,50;0,90;0,92;-0,03;-0,35;-0,34;
1.2.2015 08:30;000,1;000,4;;;;;19565;1430917;5579;171501;52;194;0;0;0;0;0;0;0;;-0,25;0,00;-0,50;0,00;0,75;1,00;13722,00;12451,00;13208,00;0,06;0,09;0,10;;0,75;1,00;1,25;0,71;0,66;0,56;-0,75;2,00;1,93;3,29;3,40;1,82;-0,19;0,50;0,82;0,85;-0,89;-0,23;-0,22;
1.2.2015 08:45;000,1;001,1;;;;;19565;1430917;5579;171501;52;194;0;0;0;0;0;0;0;;-2,50;-1,50;-2,25;0,00;0,75;1,50;13982,00;12388,00;12940,00;0,19;0,16;0,23;;2,50;1,75;3,00;0,00;0,50;1,30;-6,50;2,25;1,80;7,55;7,63;2,78;-1,62;0,56;1,89;1,91;0,94;-0,86;-0,85;
1.2.2015 09:00;000,0;003,7;;;;;19565;1430918;5579;171502;52;194;0;0;0;0;0;0;0;;-3,75;-3,00;-3,75;0,00;0,75;1,25;13984,00;12396,00;12906,00;0,29;0,28;0,32;;4,00;3,25;4,00;1,39;1,00;0,61;-11,00;2,25;3,00;11,69;11,73;1,58;-2,75;0,56;2,92;2,93;0,98;-0,94;-0,94;
1.2.2015 09:15;000,0;004,9;;;;;19565;1430919;5579;171502;52;194;0;0;0;0;0;0;0;;-5,00;-3,75;-4,75;0,00;0,75;1,50;13539,00;12577,00;13105,00;0,39;0,33;0,40;;5,25;4,00;5,00;1,60;1,17;0,43;-14,00;2,50;3,21;14,61;14,64;1,29;-3,50;0,62;3,65;3,66;0,98;-0,96;-0,96;
1.2.2015 09:30;000,0;006,0;;;;;19565;1430921;5579;171502;52;194;0;0;0;0;0;0;0;;-5,75;-4,50;-5,25;0,00;0,75;1,50;13553,00;12562,00;13086,00;0,43;0,38;0,44;;5,75;4,75;5,75;0,00;1,32;1,80;-15,75;2,25;3,13;16,39;16,41;2,51;-3,94;0,56;4,10;4,10;0,99;-0,96;-0,96;
1.2.2015 09:45;000,0;006,7;;;;;19565;1430922;5579;171502;52;194;0;0;0;0;0;0;0;;-4,75;-3,50;-4,25;0,00;0,50;1,50;13551,00;12575,00;13094,00;0,37;0,31;0,37;;5,00;3,75;4,75;1,56;1,25;1,50;-13,00;2,25;4,31;13,79;13,82;NaN;-3,25;0,56;3,45;3,45;0,99;-0,94;-0,94;
1.2.2015 10:00;000,0;005,9;;;;;19565;1430924;5579;171503;52;194;0;0;0;0;0;0;0;;-5,50;-4,50;-5,25;0,00;0,75;1,50;13540,00;12545,00;13083,00;0,42;0,38;0,44;;5,50;4,75;5,50;0,00;1,32;0,66;-15,75;2,25;1,98;16,18;16,19;2,23;-3,94;0,56;4,04;4,05;0,99;-0,97;-0,97;
1.2.2015 10:15;000,0;007,0;;;;;19565;1430926;5579;171503;52;194;0;0;0;0;0;0;0;;-7,00;-6,00;-7,00;0,50;0,75;1,50;13505,00;12535,00;13078,00;0,54;0,50;0,56;;7,00;6,25;7,25;nan;1,58;1,15;-20,25;3,00;nan;20,81;20,82;NaN;-5,06;0,75;5,20;5,21;0,99;-0,97;-0,97;
1.2.2015 10:30;000,0;008,1;;;;;19565;1430928;5579;171503;52;194;0;0;0;0;0;0;0;;-6,25;-5,25;-6,00;0,00;0,75;1,50;13554,00;12532,00;13088,00;0,47;0,43;0,49;;6,25;5,25;6,25;0,00;nan;0,90;-17,75;2,25;nan;18,21;18,22;NaN;-4,44;0,56;4,55;4,55;0,99;-0,97;-0,97;
1.2.2015 10:45;000,0;007,4;;;;;19565;1430929;5579;171503;52;194;0;0;0;0;0;0;0;;-6,25;-5,00;-6,00;0,00;0,75;1,50;13557,00;12552,00;13103,00;0,47;0,43;0,48;;6,25;5,25;6,25;0,00;1,41;0,90;-17,50;2,25;2,32;18,00;18,01;2,74;-4,38;0,56;4,50;4,50;0,99;-0,97;-0,97;
1.2.2015 11:00;000,0;006,2;;;;;19565;1430931;5579;171504;52;194;0;0;0;0;0;0;0;;-4,75;-3,25;-4,25;0,00;0,75;1,75;13651,00;12301,00;13164,00;0,35;0,30;0,36;;4,75;3,50;4,75;0,00;1,06;1,20;-12,50;2,50;2,26;13,21;13,23;2,74;-3,12;0,62;3,30;3,31;0,98;-0,95;-0,94;
1.2.2015 11:15;000,0;005,1;;;;;19565;1430932;5579;171504;52;194;0;0;0;0;0;0;0;;-4,75;-3,50;-4,50;0,00;0,75;1,50;13688,00;12289,00;13141,00;0,36;0,31;0,37;;4,75;3,75;4,75;0,00;1,12;0,25;-12,75;2,50;1,37;13,50;13,52;3,49;-3,19;0,62;3,38;3,38;0,98;-0,94;-0,94;
1.2.2015 11:30;000,0;004,9;;;;;19565;1430933;5579;171504;52;194;0;0;0;0;0;0;0;;-4,50;-3,50;-4,25;0,00;0,75;1,50;13690,00;12278,00;13113,00;0,34;0,31;0,37;;4,50;3,75;4,75;0,00;1,12;1,50;-12,75;2,25;2,62;13,41;13,42;2,40;-3,19;0,56;3,35;3,36;0,98;-0,95;-0,95;
1.2.2015 11:45;000,0;004,9;;;;;19565;1430935;5579;171504;52;194;0;0;0;0;0;0;0;;-4,25;-3,25;-4,00;0,00;0,75;1,50;13654,00;12239,00;13144,00;0,33;0,28;0,34;;4,25;3,25;4,25;0,00;nan;nan;-11,75;2,25;nan;12,37;12,38;NaN;-2,94;0,56;3,09;3,10;0,98;-0,95;-0,95;
1.2.2015 12:00;000,0;004,6;;;;;19565;1430936;5579;171505;52;194;0;0;0;0;0;0;0;;-4,00;-3,00;-3,75;0,00;0,75;1,50;13558,00;12782,00;12712,00;0,31;0,25;0,32;;4,00;3,25;4,00;0,00;1,00;nan;-10,75;2,25;nan;11,56;11,62;NaN;-2,69;0,56;2,89;2,90;0,98;-0,93;-0,93;
1.2.2015 12:15;000,0;004,2;;;;;19565;1430937;5579;171505;52;194;0;0;0;0;0;0;0;;-4,25;-3,25;-3,75;0,50;0,75;1,50;13580,00;12767,00;12763,00;0,32;0,27;0,33;;4,25;3,25;4,25;nan;nan;1,32;-11,25;2,75;nan;12,00;12,05;NaN;-2,81;0,69;3,00;3,01;0,97;-0,94;-0,93;
1.2.2015 12:30;000,0;004,5;;;;;19565;1430938;5579;171505;52;194;0;0;0;0;0;0;0;;-4,25;-3,25;-4,00;0,00;0,75;1,50;13599,00;12747,00;12772,00;0,32;0,28;0,34;;4,25;3,50;4,25;0,00;1,06;nan;-11,50;2,25;nan;12,23;12,28;NaN;-2,88;0,56;3,06;3,07;0,98;-0,94;-0,94;
1.2.2015 12:45;000,0;005,2;;;;;19565;1430939;5579;171505;52;194;0;0;0;0;0;0;0;;-5,25;-5,00;-4,75;1,00;0,50;1,00;13608,00;12808,00;12749,00;0,40;0,41;0,40;;5,50;5,25;5,00;1,30;1,52;1,20;-15,25;2,75;4,02;15,83;15,84;NaN;-3,81;0,69;3,96;3,96;0,98;-0,96;-0,96;
1.2.2015 13:00;000,0;005,3;;;;;19565;1430941;5579;171506;52;194;0;0;0;0;0;0;0;;-4,50;-4,25;-4,00;1,00;0,50;1,00;13631,00;12816,00;12795,00;0,35;0,35;0,34;;4,50;4,50;4,25;nan;1,39;1,03;-13,00;2,75;nan;13,54;13,55;NaN;-3,25;0,69;3,39;3,39;0,98;-0,96;-0,96;
1.2.2015 13:15;000,0;003,7;;;;;19565;1430941;5579;171506;52;194;0;0;0;0;0;0;0;;-2,75;-2,75;-2,50;1,00;0,50;0,75;13618,00;12855,00;12806,00;0,23;0,23;0,21;;3,00;2,75;2,50;0,66;nan;nan;-8,25;2,50;nan;8,88;8,88;NaN;-2,06;0,62;2,22;2,22;0,95;-0,93;-0,93;
1.2.2015 13:30;000,0;002,2;;;;;19565;1430942;5579;171506;52;194;0;0;0;0;0;0;0;;-2,00;-1,00;-1,50;0,00;0,50;1,25;13640,00;12861,00;12827,00;0,16;0,10;0,17;;2,00;1,25;2,25;0,00;0,56;1,12;-4,50;2,00;1,68;5,71;5,82;2,61;-1,12;0,50;1,43;1,46;0,90;-0,79;-0,77;
1.2.2015 13:45;000,0;002,1;;;;;19565;1430943;5579;171506;52;194;0;0;0;0;0;0;0;;-2,25;-1,00;-1,75;0,00;0,50;1,50;13643,00;12887,00;12827,00;0,18;0,11;0,19;;2,25;1,25;2,25;0,00;0,56;nan;-5,25;2,00;nan;6,34;6,48;NaN;-1,31;0,50;1,59;1,62;0,93;-0,83;-0,81;
1.2.2015 14:00;000,0;002,3;;;;;19565;1430943;5579;171507;52;194;0;0;0;0;0;0;0;;-2,50;-2,50;-2,00;1,00;0,50;0,75;13671,00;12918,00;12832,00;0,21;0,21;0,19;;2,75;2,50;2,25;0,56;nan;0,71;-7,50;2,50;nan;8,06;8,06;NaN;-1,88;0,62;2,01;2,02;0,94;-0,93;-0,93;
1.2.2015 14:15;000,0;001,6;;;;;19565;1430944;5579;171507;52;194;0;0;0;0;0;0;0;;-1,25;-0,25;-0,75;0,00;0,50;1,25;13658,00;12914,00;12812,00;0,11;0,08;0,14;;1,25;1,00;1,75;0,00;0,83;0,97;-2,25;2,00;1,80;4,20;4,30;2,50;-0,56;0,50;1,05;1,08;0,63;-0,54;-0,52;
1.2.2015 14:30;000,0;000,6;;;;;19565;1430944;5579;171507;52;194;0;0;0;0;0;0;0;;-0,75;-1,00;-0,50;1,00;0,50;0,50;13674,00;12949,00;12802,00;0,12;0,11;0,09;;1,50;1,25;1,00;0,83;0,56;0,71;-2,25;2,25;2,10;4,25;4,25;1,89;-0,56;0,56;1,06;1,06;0,54;-0,53;-0,53;
1.2.2015 14:45;000,0;000,1;;;;;19565;1430944;5579;171507;52;194;0;0;0;0;0;0;0;;-0,50;-0,75;-0,25;1,00;0,50;0,50;13678,00;12960,00;12764,00;0,11;0,11;0,09;;1,25;1,25;1,00;0,56;0,87;0,83;-2,00;2,25;2,25;4,08;4,08;1,59;-0,50;0,56;1,02;1,02;0,43;-0,49;-0,49;
1.2.2015 15:00;000,2;000,2;;;;;19566;1430944;5579;171507;52;194;0;0;0;0;0;0;0;;0,00;0,75;0,25;0,00;0,50;1,00;13685,00;12816,00;12941,00;0,07;0,11;0,12;;0,00;1,25;1,50;0,00;0,87;1,09;1,00;1,75;1,96;3,92;4,05;2,92;0,25;0,44;0,98;1,01;-0,18;0,26;0,25;
1.2.2015 15:15;000,5;000,0;;;;;19566;1430944;5580;171507;52;194;0;0;0;0;0;0;0;;0,25;1,00;0,25;0,00;0,50;1,00;13658,00;12945,00;12795,00;0,08;0,12;0,12;;1,00;1,50;1,50;0,97;1,00;1,09;1,75;1,75;3,06;4,28;4,39;1,95;0,44;0,44;1,07;1,10;0,54;0,41;0,40;
1.2.2015 15:30;000,8;000,0;;;;;19566;1430944;5580;171507;52;194;0;0;0;0;0;0;0;;0,25;1,00;0,50;0,00;0,50;1,00;13639,00;12904,00;12787,00;0,07;0,13;0,12;;1,00;1,50;1,50;0,97;1,00;1,00;2,00;1,75;2,97;4,33;4,48;2,04;0,50;0,44;1,08;1,12;0,64;0,46;0,45;
1.2.2015 15:45;000,9;000,0;;;;;19566;1430944;5581;171507;52;194;0;0;0;0;0;0;0;;0,00;0,75;1,25;8,50;7,50;8,50;13611,00;12875,00;12744,00;0,63;0,60;0,69;;8,50;7,75;8,75;0,00;1,80;1,66;2,00;24,75;3,46;25,16;25,23;2,83;0,50;6,19;6,29;6,31;0,98;0,08;0,08;
1.2.2015 16:00;000,7;000,0;;;;;19566;1430944;5583;171507;52;194;0;0;0;0;0;0;0;;0,25;0,25;0,25;0,00;0,00;0,00;13606,00;12892,00;12723,00;0,03;0,02;0,04;;0,25;0,25;0,50;0,00;0,00;0,43;1,00;0,00;0,43;1,21;1,23;0,58;0,25;0,00;0,30;0,31;1,00;0,83;0,81;
1.2.2015 16:15;001,2;000,0;;;;;19567;1430944;5583;171507;52;194;0;0;0;0;0;0;0;;0,75;1,50;0,75;-0,50;0,00;0,00;13556,00;12849,00;12685,00;0,07;0,12;0,07;;0,75;1,50;0,75;nan;0,00;0,00;3,00;-0,50;nan;3,47;3,63;NaN;0,75;-0,12;0,87;0,91;0,99;0,86;0,83;
1.2.2015 16:30;001,3;000,0;;;;;19567;1430944;5583;171507;52;194;0;0;0;0;0;0;0;;0,75;1,50;0,75;-0,50;0,00;0,00;13567,00;12841,00;12697,00;0,07;0,12;0,07;;0,75;1,50;0,75;nan;0,00;0,00;3,00;-0,50;nan;3,48;3,63;NaN;0,75;-0,12;0,87;0,91;0,99;0,86;0,83;
1.2.2015 16:45;001,4;000,0;;;;;19567;1430944;5583;171507;52;195;0;0;0;0;0;0;0;;1,00;1,50;0,75;-0,50;0,00;0,00;13558,00;12839,00;12684,00;0,09;0,13;0,07;;1,25;1,50;0,75;0,56;0,00;0,00;3,50;-0,50;0,56;3,84;3,96;1,68;0,88;-0,12;0,96;0,99;0,99;0,91;0,88;
1.2.2015 17:00;001,4;000,0;;;;;19568;1430944;5583;171507;52;195;0;0;0;0;0;0;0;;0,75;1,50;0,75;-0,50;0,00;0,00;13544,00;12861,00;12661,00;0,07;0,12;0,07;;0,75;1,50;0,75;nan;0,00;0,00;3,00;-0,50;nan;3,47;3,62;NaN;0,75;-0,12;0,87;0,91;0,99;0,86;0,83;
1.2.2015 17:15;001,2;000,0;;;;;19568;1430944;5583;171507;52;195;0;0;0;0;0;0;0;;0,75;1,50;0,75;-0,50;0,00;0,00;13553,00;12856,00;12675,00;0,07;0,12;0,07;;0,75;1,50;0,75;nan;0,00;0,00;3,00;-0,50;nan;3,47;3,62;NaN;0,75;-0,12;0,87;0,91;0,99;0,86;0,83;
1.2.2015 17:30;001,4;000,0;;;;;19568;1430944;5583;171507;52;195;0;0;0;0;0;0;0;;0,75;1,50;0,75;-0,50;0,00;0,00;13549,00;12834,00;12679,00;0,07;0,12;0,07;;0,75;1,50;0,75;nan;0,00;0,00;3,00;-0,50;nan;3,47;3,62;NaN;0,75;-0,12;0,87;0,91;0,99;0,86;0,83;
1.2.2015 17:45;001,4;000,0;;;;;19569;1430944;5583;171507;52;195;0;0;0;0;0;0;0;;1,00;1,50;0,75;-0,50;0,00;0,00;13575,00;12813,00;12703,00;0,09;0,13;0,07;;1,25;1,50;0,75;0,56;0,00;0,00;3,50;-0,50;0,56;3,84;3,96;1,69;0,88;-0,12;0,96;0,99;0,99;0,91;0,88;
1.2.2015 18:00;001,4;000,0;;;;;19569;1430944;5583;171507;52;195;0;0;0;0;0;0;0;;0,75;1,50;0,75;-0,50;0,00;0,00;13601,00;12887,00;12719,00;0,07;0,12;0,07;;0,75;1,50;0,75;nan;0,00;0,00;3,00;-0,50;nan;3,49;3,64;NaN;0,75;-0,12;0,87;0,91;0,99;0,86;0,83;
1.2.2015 18:15;001,4;000,0;;;;;19569;1430944;5583;171507;52;195;0;0;0;0;0;0;0;;1,00;1,50;0,75;0,00;0,00;0,00;13300,00;12560,00;13255,00;0,09;0,13;0,07;;1,25;1,50;0,75;0,75;0,00;0,00;3,50;0,00;0,75;3,86;4,00;1,79;0,88;0,00;0,96;1,00;1,00;0,91;0,87;
1.2.2015 18:30;001,5;000,0;;;;;19570;1430944;5583;171507;52;195;0;0;0;0;0;0;0;;0,75;1,50;0,75;0,00;0,00;0,00;13153,00;13247,00;13095,00;0,07;0,12;0,07;;0,75;1,50;0,75;0,00;0,00;0,00;3,25;0,00;0,00;3,53;3,66;1,69;0,81;0,00;0,88;0,92;1,00;0,92;0,89;
1.2.2015 18:45;001,3;000,0;;;;;19570;1430944;5583;171507;52;195;0;0;0;0;0;0;0;;1,00;1,75;0,75;0,00;0,00;0,00;13225,00;13308,00;13165,00;0,09;0,13;0,07;;1,00;1,75;1,00;0,00;0,00;0,66;3,75;0,00;0,66;3,97;4,08;1,47;0,94;0,00;0,99;1,02;1,00;0,94;0,92;
1.2.2015 19:00;001,6;000,0;;;;;19570;1430944;5583;171507;52;195;0;0;0;0;0;0;0;;0,75;1,50;0,75;0,00;0,00;0,50;13255,00;13343,00;13190,00;0,07;0,13;0,07;;0,75;1,50;1,00;0,00;0,00;0,43;3,25;0,50;0,43;3,62;3,76;1,77;0,81;0,12;0,90;0,94;0,99;0,90;0,86;
1.2.2015 19:15;001,5;000,0;;;;;19571;1430944;5583;171507;52;195;0;0;0;0;0;0;0;;0,75;2,00;0,75;-0,50;0,00;0,50;13238,00;13320,00;13189,00;0,08;0,16;0,09;;1,00;2,00;1,00;0,43;0,00;0,43;3,75;0,00;0,87;4,31;4,50;2,34;0,94;0,00;1,08;1,13;1,00;0,87;0,83;
1.2.2015 19:30;001,8;000,0;;;;;19571;1430944;5583;171507;52;195;0;0;0;0;0;0;0;;1,00;2,00;1,00;-0,50;0,00;0,50;13268,00;13352,00;13201,00;0,10;0,16;0,09;;1,25;2,00;1,00;0,56;0,00;nan;4,25;-0,00;nan;4,68;4,84;NaN;1,06;-0,00;1,17;1,21;1,00;0,91;0,88;
1.2.2015 19:45;001,4;000,0;;;;;19572;1430944;5583;171507;52;195;0;0;0;0;0;0;0;;0,75;1,50;0,75;0,00;0,00;0,50;13256,00;13340,00;13197,00;0,07;0,13;0,07;;0,75;1,50;1,00;0,00;0,00;0,43;3,25;0,50;0,43;3,62;3,76;1,77;0,81;0,12;0,90;0,94;0,99;0,90;0,86;
1.2.2015 20:00;001,6;000,0;;;;;19572;1430944;5583;171507;52;195;0;0;0;0;0;0;0;;1,00;1,75;0,75;0,00;0,00;0,00;13225,00;13318,00;13156,00;0,09;0,13;0,07;;1,25;1,75;1,00;0,75;0,00;0,66;3,75;0,00;1,41;3,97;4,08;0,79;0,94;0,00;0,99;1,02;1,00;0,94;0,92;
1.2.2015 20:15;001,5;000,0;;;;;19572;1430944;5583;171507;52;195;0;0;0;0;0;0;0;;0,75;2,00;0,75;-0,50;0,00;0,50;13257,00;13336,00;13196,00;0,08;0,16;0,09;;1,00;2,00;1,00;0,43;0,00;0,43;3,75;0,00;0,87;4,32;4,51;2,34;0,94;0,00;1,08;1,13;1,00;0,87;0,83;
1.2.2015 20:30;001,7;000,0;;;;;19573;1430944;5583;171507;52;195;0;0;0;0;0;0;0;;1,00;1,75;0,75;0,00;0,00;0,00;13245,00;13327,00;13188,00;0,09;0,13;0,07;;1,25;1,75;1,00;0,75;0,00;0,66;3,75;0,00;1,41;3,98;4,09;0,82;0,94;0,00;1,00;1,02;1,00;0,94;0,92;
1.2.2015 20:45;001,8;000,0;;;;;19573;1430944;5583;171507;52;195;0;0;0;0;0;0;0;;1,50;2,00;1,00;-0,50;0,00;0,00;13269,00;13347,00;13211,00;0,13;0,17;0,09;;1,50;2,25;1,00;nan;1,03;0,00;4,75;-0,50;nan;5,08;5,24;NaN;1,19;-0,12;1,27;1,31;0,99;0,93;0,91;
1.2.2015 21:00;001,9;000,0;;;;;19574;1430944;5583;171507;52;195;0;0;0;0;0;0;0;;1,25;1,75;1,00;0,00;0,00;0,00;13279,00;13360,00;13224,00;0,12;0,14;0,08;;1,50;1,75;1,00;0,83;0,00;0,00;4,25;0,00;0,83;4,52;4,63;1,65;1,06;0,00;1,13;1,16;1,00;0,94;0,92;
1.2.2015 21:15;001,7;000,0;;;;;19574;1430944;5583;171507;52;195;0;0;0;0;0;0;0;;1,00;1,75;0,75;0,00;0,00;0,00;13286,00;13362,00;13233,00;0,09;0,14;0,07;;1,25;1,75;1,00;0,75;0,00;0,66;3,75;0,00;1,41;4,03;4,14;1,06;0,94;0,00;1,01;1,04;1,00;0,93;0,90;
1.2.2015 21:30;001,7;000,0;;;;;19575;1430944;5583;171507;52;195;0;0;0;0;0;0;0;;1,50;2,00;1,00;-0,50;0,00;0,00;13267,00;13345,00;13210,00;0,13;0,17;0,09;;1,50;2,25;1,00;nan;1,03;0,00;4,75;-0,50;nan;5,12;5,27;NaN;1,19;-0,12;1,28;1,32;0,99;0,93;0,90;
1.2.2015 21:45;001,9;000,0;;;;;19575;1430944;5583;171507;52;195;0;0;0;0;0;0;0;;1,50;1,75;1,00;0,00;0,00;0,00;13291,00;13370,00;13240,00;0,12;0,14;0,08;;1,50;1,75;1,00;0,00;0,00;0,00;4,25;0,00;0,00;4,53;4,64;1,85;1,06;0,00;1,13;1,16;1,00;0,94;0,92;
1.2.2015 22:00;001,5;000,0;;;;;19575;1430944;5583;171507;52;195;0;0;0;0;0;0;0;;0,75;1,50;0,75;0,00;0,00;0,50;13300,00;13371,00;13231,00;0,07;0,13;0,07;;0,75;1,50;1,00;0,00;0,00;0,43;3,25;0,50;0,43;3,63;3,77;1,79;0,81;0,12;0,91;0,94;0,99;0,90;0,86;
1.2.2015 22:15;001,7;000,0;;;;;19576;1430944;5583;171507;52;195;0;0;0;0;0;0;0;;1,00;2,00;1,00;-0,50;0,00;0,50;13308,00;13389,00;13257,00;0,10;0,16;0,09;;1,25;2,00;1,00;0,56;0,00;nan;4,25;-0,00;nan;4,73;4,90;NaN;1,06;-0,00;1,18;1,22;1,00;0,90;0,87;
1.2.2015 22:30;001,4;000,0;;;;;19576;1430944;5583;171507;52;195;0;0;0;0;0;0;0;;0,75;1,50;0,75;0,00;0,00;0,50;13342,00;13424,00;13290,00;0,07;0,13;0,07;;0,75;1,50;1,00;0,00;0,00;0,43;3,25;0,50;0,43;3,64;3,78;1,82;0,81;0,12;0,91;0,95;0,99;0,89;0,86;
1.2.2015 22:45;001,8;000,0;;;;;19577;1430944;5583;171507;52;195;0;0;0;0;0;0;0;;1,00;2,00;1,00;-0,50;0,00;0,50;13332,00;13409,00;13266,00;0,10;0,16;0,09;;1,25;2,00;1,00;0,56;0,00;nan;4,25;-0,00;nan;4,74;4,90;NaN;1,06;-0,00;1,18;1,23;1,00;0,90;0,87;
1.2.2015 23:00;001,6;000,0;;;;;19577;1430944;5583;171507;52;195;0;0;0;0;0;0;0;;1,00;1,75;0,75;0,00;0,00;0,00;13353,00;13436,00;13294,00;0,09;0,14;0,08;;1,25;1,75;1,00;0,75;0,00;0,66;3,75;0,00;1,41;4,08;4,19;1,23;0,94;0,00;1,02;1,05;1,00;0,92;0,89;
1.2.2015 23:15;001,5;000,0;;;;;19577;1430944;5583;171507;52;195;0;0;0;0;0;0;0;;0,75;2,00;0,75;-0,50;0,00;0,50;13352,00;13420,00;13286,00;0,08;0,16;0,09;;1,00;2,00;1,00;0,43;0,00;0,43;3,75;0,00;0,87;4,34;4,54;2,40;0,94;0,00;1,09;1,13;1,00;0,86;0,83;
1.2.2015 23:30;001,8;000,0;;;;;19578;1430944;5583;171507;52;195;0;0;0;0;0;0;0;;1,00;1,75;0,75;0,00;0,00;0,00;13348,00;13439,00;13299,00;0,09;0,14;0,08;;1,25;1,75;1,00;0,75;0,00;0,66;3,75;0,00;1,41;4,08;4,19;1,23;0,94;0,00;1,02;1,05;1,00;0,92;0,89;
1.2.2015 23:45;001,5;000,0;;;;;19578;1430944;5583;171507;52;195;0;0;0;0;0;0;0;;1,25;2,00;1,00;-0,50;0,00;0,50;13370,00;13451,00;13311,00;0,10;0,16;0,09;;1,25;2,00;1,00;nan;0,00;nan;4,25;-0,00;nan;4,75;4,92;NaN;1,06;-0,00;1,19;1,23;1,00;0,89;0,86;
2.2.2015 00:00;001,9;000,0;;;;;19579;1430944;5583;171507;52;195;0;0;0;0;0;0;0;;1,50;1,75;1,00;0,00;0,00;0,00;13404,00;13477,00;13344,00;0,12;0,14;0,08;;1,50;1,75;1,00;0,00;0,00;0,00;4,25;0,00;0,00;4,60;4,71;2,03;1,06;0,00;1,15;1,18;1,00;0,92;0,90;
2.2.2015 00:15;001,6;000,0;;;;;19579;1430944;5583;171507;52;195;0;0;0;0;0;0;0;;0,75;1,50;0,75;0,00;0,00;0,50;13327,00;13422,00;13275,00;0,07;0,13;0,07;;0,75;1,50;1,00;0,00;0,00;0,43;3,25;0,50;0,43;3,64;3,78;1,82;0,81;0,12;0,91;0,95;0,99;0,89;0,86;
2.2.2015 00:30;001,5;000,0;;;;;19579;1430944;5583;171507;52;195;0;0;0;0;0;0;0;;1,25;2,00;1,00;-0,50;0,00;0,50;13415,00;13508,00;13360,00;0,10;0,16;0,09;;1,25;2,00;1,00;nan;0,00;nan;4,50;-0,00;nan;4,81;4,96;NaN;1,12;-0,00;1,20;1,24;1,00;0,94;0,91;
2.2.2015 00:45;001,6;000,0;;;;;19580;1430944;5583;171507;52;195;0;0;0;0;0;0;0;;1,00;1,75;0,75;0,00;0,00;0,00;13400,00;13491,00;13345,00;0,09;0,14;0,08;;1,25;1,75;1,00;0,75;0,00;0,66;3,75;0,00;1,41;4,10;4,21;1,28;0,94;0,00;1,02;1,05;1,00;0,92;0,89;
2.2.2015 01:00;001,6;000,0;;;;;19580;1430944;5583;171507;52;195;0;0;0;0;0;0;0;;1,00;1,75;0,75;0,00;0,00;0,00;13410,00;13499,00;13335,00;0,09;0,14;0,08;;1,25;1,75;1,00;0,75;0,00;0,66;3,75;0,00;1,41;4,13;4,24;1,38;0,94;0,00;1,03;1,06;1,00;0,91;0,89;
2.2.2015 01:15;001,7;000,0;;;;;19581;1430944;5583;171507;52;195;0;0;0;0;0;0;0;;1,25;2,00;1,00;-0,50;0,00;0,50;13401,00;13496,00;13352,00;0,10;0,16;0,09;;1,25;2,00;1,00;nan;0,00;nan;4,50;-0,00;nan;4,80;4,96;NaN;1,12;-0,00;1,20;1,24;1,00;0,94;0,91;
2.2.2015 01:30;001,7;000,0;;;;;19581;1430944;5583;171507;52;195;0;0;0;0;0;0;0;;1,50;1,75;1,00;0,00;0,00;0,00;13414,00;13508,00;13371,00;0,12;0,14;0,08;;1,50;1,75;1,00;0,00;0,00;0,00;4,50;0,00;0,00;4,64;4,76;1,54;1,12;0,00;1,16;1,19;1,00;0,97;0,95;
2.2.2015 01:45;001,8;000,0;;;;;19582;1430944;5583;171507;52;195;0;0;0;0;0;0;0;;1,50;1,75;1,00;0,00;0,00;0,00;13413,00;13506,00;13358,00;0,12;0,14;0,08;;1,50;1,75;1,00;0,00;0,00;0,00;4,50;0,00;0,00;4,64;4,76;1,54;1,12;0,00;1,16;1,19;1,00;0,97;0,95;
2.2.2015 02:00;001,9;000,0;;;;;19582;1430944;5583;171507;52;195;0;0;0;0;0;0;0;;1,25;2,00;1,00;-0,50;0,00;0,50;13415,00;13505,00;13358,00;0,10;0,16;0,09;;1,25;2,00;1,00;nan;0,00;nan;4,50;-0,00;nan;4,81;4,96;NaN;1,12;-0,00;1,20;1,24;1,00;0,94;0,91;
2.2.2015 02:15;001,7;000,0;;;;;19582;1430944;5583;171507;52;195;0;0;0;0;0;0;0;;1,50;1,75;1,00;0,00;0,00;0,00;13404,00;13488,00;13346,00;0,12;0,14;0,08;;1,50;1,75;1,00;0,00;0,00;0,00;4,50;0,00;0,00;4,60;4,71;1,39;1,12;0,00;1,15;1,18;1,00;0,98;0,96;
2.2.2015 02:30;001,7;000,0;;;;;19583;1430944;5583;171507;52;195;0;0;0;0;0;0;0;;1,00;1,75;0,75;0,00;0,00;0,00;13408,00;13495,00;13330,00;0,09;0,14;0,08;;1,25;1,75;1,00;0,75;0,00;0,66;3,75;0,00;1,41;4,13;4,24;1,37;0,94;0,00;1,03;1,06;1,00;0,91;0,89;
2.2.2015 02:45;001,6;000,0;;;;;19583;1430944;5583;171507;52;195;0;0;0;0;0;0;0;;1,00;1,75;0,75;0,00;0,00;0,00;13400,00;13492,00;13312,00;0,09;0,14;0,08;;1,25;1,75;1,00;0,75;0,00;0,66;3,75;0,00;1,41;4,13;4,23;1,37;0,94;0,00;1,03;1,06;1,00;0,91;0,89;
2.2.2015 03:00;001,6;000,0;;;;;19584;1430944;5583;171507;52;195;0;0;0;0;0;0;0;;1,00;1,75;0,75;0,00;0,00;0,00;13388,00;13480,00;13332,00;0,09;0,14;0,08;;1,25;1,75;1,00;0,75;0,00;0,66;3,75;0,00;1,41;4,09;4,20;1,27;0,94;0,00;1,02;1,05;1,00;0,92;0,89;
2.2.2015 03:15;001,5;000,0;;;;;19584;1430944;5583;171507;52;195;0;0;0;0;0;0;0;;1,00;1,75;0,75;0,00;0,00;0,00;13371,00;13462,00;13315,00;0,09;0,14;0,08;;1,25;1,75;1,00;0,75;0,00;0,66;3,75;0,00;1,41;4,09;4,20;1,25;0,94;0,00;1,02;1,05;1,00;0,92;0,89;
2.2.2015 03:30;001,6;000,0;;;;;19584;1430944;5583;171507;52;195;0;0;0;0;0;0;0;;0,75;2,00;0,75;-0,50;0,00;0,50;13371,00;13462,00;13317,00;0,08;0,16;0,09;;1,00;2,00;1,00;0,43;0,00;0,43;3,75;0,00;0,87;4,39;4,57;2,47;0,94;0,00;1,10;1,14;1,00;0,85;0,82;
2.2.2015 03:45;001,5;000,0;;;;;19585;1430944;5583;171507;52;195;0;0;0;0;0;0;0;;1,50;2,25;1,00;-0,50;0,00;0,00;13375,00;13468,00;13308,00;0,13;0,17;0,09;;1,75;2,25;1,00;0,75;0,00;0,00;5,00;-0,50;0,75;5,23;5,38;1,78;1,25;-0,12;1,31;1,35;1,00;0,96;0,93;
2.2.2015 04:00;001,8;000,0;;;;;19585;1430944;5583;171507;52;195;0;0;0;0;0;0;0;;1,00;1,75;0,75;0,00;0,00;0,00;13378,00;13465,00;13321,00;0,09;0,14;0,08;;1,25;1,75;1,00;0,75;0,00;0,66;3,75;0,00;1,41;4,09;4,20;1,26;0,94;0,00;1,02;1,05;1,00;0,92;0,89;
2.2.2015 04:15;001,6;000,0;;;;;19586;1430944;5583;171507;52;195;0;0;0;0;0;0;0;;1,50;1,75;1,00;0,00;0,00;0,00;13350,00;13440,00;13295,00;0,12;0,14;0,08;;1,50;1,75;1,00;0,00;0,00;0,00;4,25;0,00;0,00;4,55;4,66;1,91;1,06;0,00;1,14;1,16;1,00;0,93;0,91;
2.2.2015 04:30;001,6;000,0;;;;;19586;1430944;5583;171507;52;195;0;0;0;0;0;0;0;;1,00;1,75;0,75;0,00;0,00;0,00;13353,00;13443,00;13297,00;0,09;0,14;0,08;;1,25;1,75;1,00;0,75;0,00;0,66;3,75;0,00;1,41;4,08;4,19;1,23;0,94;0,00;1,02;1,05;1,00;0,92;0,89;
2.2.2015 04:45;001,6;000,0;;;;;19586;1430944;5583;171507;52;195;0;0;0;0;0;0;0;;1,00;1,75;0,75;0,00;0,00;0,00;13349,00;13438,00;13293,00;0,09;0,14;0,08;;1,25;1,75;1,00;0,75;0,00;0,66;3,75;0,00;1,41;4,08;4,19;1,23;0,94;0,00;1,02;1,05;1,00;0,92;0,89;
2.2.2015 05:00;001,5;000,0;;;;;19587;1430944;5583;171507;52;195;0;0;0;0;0;0;0;;1,00;1,75;0,75;0,00;0,00;0,00;13348,00;13430,00;13289,00;0,09;0,14;0,08;;1,25;1,75;1,00;0,75;0,00;0,66;3,75;0,00;1,41;4,08;4,19;1,22;0,94;0,00;1,02;1,05;1,00;0,92;0,90;
2.2.2015 05:15;001,5;000,0;;;;;19587;1430944;5583;171507;52;195;0;0;0;0;0;0;0;;0,75;2,00;0,75;-0,50;0,00;0,50;13331,00;13423,00;13251,00;0,08;0,16;0,09;;1,00;2,00;1,00;0,43;0,00;0,43;3,75;0,00;0,87;4,34;4,53;2,39;0,94;0,00;1,08;1,13;1,00;0,86;0,83;
2.2.2015 05:30;001,6;000,0;;;;;19588;1430944;5583;171507;52;195;0;0;0;0;0;0;0;;1,00;1,75;0,75;0,00;0,00;0,00;13344,00;13433,00;13281,00;0,09;0,14;0,08;;1,25;1,75;1,00;0,75;0,00;0,66;3,75;0,00;1,41;4,08;4,19;1,22;0,94;0,00;1,02;1,05;1,00;0,92;0,90;
2.2.2015 05:45;001,5;000,0;;;;;19588;1430944;5583;171507;52;195;0;0;0;0;0;0;0;;0,75;1,50;0,75;0,00;0,00;0,50;13299,00;13390,00;13243,00;0,07;0,13;0,07;;0,75;1,50;1,00;0,00;0,00;0,43;3,25;0,50;0,43;3,63;3,77;1,80;0,81;0,12;0,91;0,94;0,99;0,89;0,86;
2.2.2015 06:00;001,3;000,0;;;;;19588;1430944;5583;171507;52;195;0;0;0;0;0;0;0;;1,00;1,75;0,75;0,00;0,00;0,00;13249,00;13329,00;13192,00;0,09;0,14;0,07;;1,25;1,75;1,00;0,75;0,00;0,66;3,75;0,00;1,41;4,01;4,13;1,02;0,94;0,00;1,00;1,03;1,00;0,93;0,91;
2.2.2015 06:15;001,7;000,0;;;;;19589;1430944;5583;171507;52;195;0;0;0;0;0;0;0;;1,00;2,00;0,75;-0,50;0,00;0,00;13130,00;13214,00;13059,00;0,10;0,16;0,09;;1,25;2,00;1,00;0,56;0,00;0,66;4,25;-0,50;1,22;4,60;4,76;1,70;1,06;-0,12;1,15;1,19;0,99;0,92;0,89;
2.2.2015 06:30;001,3;000,0;;;;;19589;1430944;5583;171507;52;195;0;0;0;0;0;0;0;;0,75;1,50;0,75;-0,50;0,00;0,00;13111,00;13201,00;13058,00;0,07;0,12;0,07;;0,75;1,50;0,75;nan;0,00;0,00;3,25;-0,50;nan;3,51;3,65;NaN;0,81;-0,12;0,88;0,91;0,99;0,92;0,89;
2.2.2015 06:45;001,5;000,0;;;;;19589;1430944;5583;171507;52;195;0;0;0;0;0;0;0;;1,00;2,00;0,75;-0,50;0,00;0,00;13080,00;13170,00;13017,00;0,10;0,16;0,09;;1,25;2,00;1,00;0,56;0,00;0,66;4,25;-0,50;1,22;4,59;4,75;1,65;1,06;-0,12;1,15;1,19;0,99;0,93;0,90;
2.2.2015 07:00;001,7;000,0;;;;;19590;1430944;5583;171507;52;195;0;0;0;0;0;0;0;;1,00;1,75;0,75;0,00;0,00;0,00;13114,00;13199,00;13050,00;0,09;0,13;0,07;;1,00;1,75;0,75;0,00;0,00;0,00;3,75;0,00;0,00;3,94;4,05;1,53;0,94;0,00;0,99;1,01;1,00;0,95;0,93;
2.2.2015 07:15;001,6;000,0;;;;;19590;1430944;5583;171507;52;195;0;0;0;0;0;0;0;;1,00;1,75;0,75;0,00;0,00;0,00;13111,00;13198,00;13046,00;0,09;0,13;0,07;;1,00;1,75;0,75;0,00;0,00;0,00;3,75;0,00;0,00;3,94;4,05;1,52;0,94;0,00;0,98;1,01;1,00;0,95;0,93;
2.2.2015 07:30;001,6;000,0;;;;;19591;1430944;5584;171507;52;195;0;0;0;0;0;0;0;;1,25;1,75;0,75;-0,50;0,00;0,00;13067,00;13159,00;13009,00;0,12;0,14;0,08;;1,50;1,75;1,00;0,66;0,00;0,66;4,25;-0,50;1,32;4,39;4,50;0,40;1,06;-0,12;1,10;1,12;0,99;0,97;0,95;
2.2.2015 07:45;001,7;000,0;;;;;19591;1430944;5584;171507;52;195;0;0;0;0;0;0;0;;1,00;1,50;0,75;-0,50;0,00;0,00;13063,00;13151,00;13006,00;0,09;0,13;0,07;;1,00;1,50;0,75;nan;0,00;0,00;3,50;-0,50;nan;3,89;4,01;NaN;0,88;-0,12;0,97;1,00;0,99;0,90;0,87;
2.2.2015 08:00;001,5;000,0;;;;;19591;1430944;5585;171507;52;195;0;0;0;0;0;0;0;;0,75;1,25;0,75;5,25;5,50;5,75;13049,00;13140,00;12988,00;0,42;0,44;0,46;;5,25;5,75;6,00;nan;1,12;1,54;3,25;16,75;nan;17,24;17,25;NaN;0,81;4,19;4,31;4,31;0,43;0,19;0,19;
2.2.2015 08:15;001,0;000,0;;;;;19592;1430944;5587;171507;52;195;0;0;0;0;0;0;0;;0,50;1,00;0,25;0,00;0,75;1,00;13038,00;13135,00;12980,00;0,09;0,14;0,12;;1,00;1,75;1,50;0,87;1,22;1,09;2,00;1,75;3,18;4,57;4,63;2,05;0,50;0,44;1,14;1,16;0,64;0,44;0,43;
2.2.2015 08:30;000,8;000,0;;;;;19592;1430944;5589;171507;52;195;0;0;0;0;0;0;0;;0,00;0,75;0,50;3,25;3,25;3,75;13021,00;13110,00;12967,00;0,26;0,27;0,31;;3,25;3,50;4,00;0,00;1,06;1,30;1,50;10,25;2,36;10,91;10,95;2,65;0,38;2,56;2,73;2,74;0,85;0,14;0,14;
2.2.2015 08:45;000,4;000,0;;;;;19592;1430944;5589;171507;52;195;0;0;0;0;0;0;0;;0,00;0,50;0,00;0,00;0,75;1,00;13030,00;13129,00;12971,00;0,07;0,10;0,11;;0,00;1,25;1,25;0,00;0,87;0,75;0,50;1,75;1,62;3,65;3,71;2,80;0,12;0,44;0,91;0,93;-0,94;0,14;0,13;
2.2.2015 09:00;000,1;000,1;;;;;19592;1430944;5590;171507;52;195;0;0;0;0;0;0;0;;-0,50;0,00;-0,25;0,00;0,50;1,25;13031,00;13123,00;12969,00;0,08;0,09;0,12;;1,00;1,00;1,50;0,87;0,87;0,79;-1,00;1,75;2,52;3,78;3,85;2,10;-0,25;0,44;0,94;0,96;-0,18;-0,26;-0,26;
2.2.2015 09:15;000,0;000,7;;;;;19592;1430944;5590;171508;52;195;0;0;0;0;0;0;0;;-1,00;-0,25;-1,00;0,00;0,75;1,00;13034,00;13109,00;12966,00;0,11;0,08;0,14;;1,25;1,00;1,75;0,75;0,61;1,03;-2,75;2,00;2,39;4,23;4,32;1,17;-0,69;0,50;1,06;1,08;0,75;-0,65;-0,64;
2.2.2015 09:30;000,0;001,0;;;;;19592;1430944;5590;171508;52;195;0;0;0;0;0;0;0;;-0,75;-0,25;-1,00;0,00;1,00;1,00;13046,00;13123,00;12956,00;0,09;0,10;0,13;;1,00;1,25;1,50;0,66;0,71;0,50;-2,25;2,00;1,87;4,14;4,21;2,27;-0,56;0,50;1,03;1,05;0,63;-0,54;-0,53;
2.2.2015 09:45;000,0;001,3;;;;;19592;1430945;5590;171508;52;195;0;0;0;0;0;0;0;;-1,25;-0,50;-1,00;0,00;0,75;1,00;13015,00;13094,00;12956,00;0,12;0,09;0,14;;1,50;1,00;1,75;0,83;0,43;1,03;-3,00;2,00;2,29;4,52;4,61;1,73;-0,75;0,50;1,13;1,15;0,79;-0,66;-0,65;
2.2.2015 10:00;000,0;001,0;;;;;19592;1430945;5590;171508;52;195;0;0;0;0;0;0;0;;-0,75;0,00;-0,75;0,00;0,50;1,25;13015,00;13106,00;12954,00;0,10;0,08;0,13;;1,25;1,00;1,50;1,00;0,87;0,35;-1,75;2,00;2,22;3,97;4,06;2,12;-0,44;0,50;0,99;1,02;0,41;-0,44;-0,43;
2.2.2015 10:15;000,0;000,6;;;;;19592;1430945;5590;171508;52;195;0;0;0;0;0;0;0;;-0,25;0,00;-0,25;0,00;0,75;1,00;13030,00;13107,00;12967,00;0,07;0,09;0,10;;0,75;1,00;1,25;0,71;0,66;0,71;-0,75;1,75;2,08;3,39;3,44;1,98;-0,19;0,44;0,85;0,86;-0,69;-0,22;-0,22;
2.2.2015 10:30;000,0;000,6;;;;;19592;1430945;5590;171509;52;195;0;0;0;0;0;0;0;;-1,00;-0,25;-0,75;0,00;0,50;1,00;13022,00;13106,00;12965,00;0,10;0,08;0,13;;1,25;1,00;1,50;0,75;0,83;0,83;-2,00;1,75;2,41;4,10;4,17;2,14;-0,50;0,44;1,03;1,04;0,64;-0,49;-0,48;
2.2.2015 10:45;000,0;001,0;;;;;19592;1430945;5590;171509;52;195;0;0;0;0;0;0;0;;-1,00;-0,25;-1,00;0,00;0,75;1,00;13045,00;13119,00;12972,00;0,10;0,09;0,14;;1,25;1,00;1,75;0,75;0,61;1,03;-2,50;2,00;2,39;4,33;4,42;1,89;-0,62;0,50;1,08;1,11;0,70;-0,58;-0,57;
2.2.2015 11:00;000,0;000,9;;;;;19592;1430946;5590;171509;52;195;0;0;0;0;0;0;0;;-0,75;-0,25;-0,50;0,50;0,50;1,00;13040,00;13097,00;12990,00;0,11;0,09;0,13;;1,25;1,00;1,50;0,87;0,83;1,00;-2,00;2,50;2,70;4,33;4,38;1,29;-0,50;0,62;1,08;1,09;0,32;-0,46;-0,46;
2.2.2015 11:15;000,0;000,5;;;;;19592;1430946;5590;171509;52;195;0;0;0;0;0;0;0;;-0,75;0,00;-0,50;0,00;0,50;1,25;13016,00;13103,00;12963,00;0,10;0,09;0,13;;1,25;1,00;1,50;1,00;0,87;0,66;-1,50;1,75;2,53;4,07;4,14;2,33;-0,38;0,44;1,02;1,03;0,39;-0,37;-0,36;
2.2.2015 11:30;000,0;000,7;;;;;19592;1430946;5590;171510;52;195;0;0;0;0;0;0;0;;-0,75;0,00;-0,75;0,00;0,50;1,00;13016,00;13098,00;12965,00;0,10;0,09;0,13;;1,25;1,00;1,50;1,00;0,87;0,83;-1,50;1,75;2,70;4,23;4,29;2,42;-0,38;0,44;1,06;1,07;0,39;-0,35;-0,35;
2.2.2015 11:45;000,0;000,7;;;;;19592;1430946;5590;171510;52;195;0;0;0;0;0;0;0;;-1,00;-0,25;-0,75;0,00;0,50;1,25;13018,00;13105,00;12968,00;0,10;0,08;0,13;;1,25;1,00;1,50;0,75;0,83;0,35;-2,25;1,75;1,93;4,17;4,25;2,48;-0,56;0,44;1,04;1,06;0,71;-0,54;-0,53;
2.2.2015 12:00;000,0;001,1;;;;;19592;1430946;5590;171510;52;195;0;0;0;0;0;0;0;;-1,00;-0,25;-0,75;0,00;0,75;1,00;13054,00;13130,00;12998,00;0,11;0,09;0,14;;1,25;1,00;1,75;0,75;0,61;1,22;-2,50;1,75;2,59;4,34;4,41;1,85;-0,62;0,44;1,08;1,10;0,76;-0,58;-0,57;
2.2.2015 12:15;000,0;001,0;;;;;19592;1430947;5590;171510;52;195;0;0;0;0;0;0;0;;-0,75;0,00;-0,50;0,00;0,75;1,00;13026,00;13090,00;12958,00;0,09;0,09;0,12;;1,00;1,00;1,50;0,66;0,66;1,00;-1,25;1,75;2,32;3,87;3,93;2,33;-0,31;0,44;0,97;0,98;0,17;-0,32;-0,32;
2.2.2015 12:30;000,0;001,1;;;;;19592;1430947;5590;171510;52;195;0;0;0;0;0;0;0;;-1,25;-0,25;-1,00;0,00;0,75;1,25;13032,00;13117,00;12967,00;0,11;0,09;0,14;;1,25;1,00;1,75;0,00;0,61;0,71;-2,75;2,00;1,32;4,46;4,57;2,75;-0,69;0,50;1,12;1,14;0,75;-0,62;-0,60;
2.2.2015 12:45;000,0;001,6;;;;;19592;1430947;5590;171511;52;195;0;0;0;0;0;0;0;;-1,25;-0,50;-1,25;0,00;0,75;1,25;13055,00;13138,00;12989,00;0,12;0,09;0,15;;1,50;1,00;1,75;0,83;0,43;nan;-3,25;2,00;nan;4,76;4,86;NaN;-0,81;0,50;1,19;1,21;0,82;-0,68;-0,67;
2.2.2015 13:00;000,0;001,9;;;;;19592;1430948;5590;171511;52;195;0;0;0;0;0;0;0;;-1,25;-0,50;-1,25;0,00;0,75;1,25;13060,00;13140,00;12994,00;0,13;0,10;0,16;;1,50;1,25;2,00;0,83;0,87;0,94;-3,25;2,00;2,63;5,03;5,10;2,13;-0,81;0,50;1,26;1,27;0,82;-0,65;-0,64;
2.2.2015 13:15;000,0;001,3;;;;;19592;1430948;5590;171511;52;195;0;0;0;0;0;0;0;;-1,25;-0,75;-1,25;0,50;0,75;1,00;13041,00;13116,00;12984,00;0,14;0,11;0,16;;1,75;1,25;2,00;1,12;0,66;1,20;-3,50;2,50;2,98;5,22;5,28;0,71;-0,88;0,62;1,30;1,32;0,76;-0,67;-0,66;
2.2.2015 13:30;000,0;003,2;;;;;19592;1430949;5590;171511;52;195;0;0;0;0;0;0;0;;-3,75;-3,75;-3,50;1,00;0,75;0,75;13057,00;13137,00;12999,00;0,31;0,32;0,30;;4,00;4,00;3,75;0,97;1,17;1,12;-11,25;2,75;3,26;12,02;12,02;NaN;-2,81;0,69;3,01;3,01;0,97;-0,94;-0,94;
2.2.2015 13:45;000,0;003,2;;;;;19592;1430950;5590;171512;52;195;0;0;0;0;0;0;0;;-4,00;-3,25;-4,00;0,50;0,75;1,25;13124,00;13222,00;13070,00;0,32;0,28;0,34;;4,25;3,50;4,25;1,35;1,06;0,71;-11,50;2,75;3,11;12,44;12,49;2,56;-2,88;0,69;3,11;3,12;0,97;-0,92;-0,92;
2.2.2015 14:00;000,0;004,8;;;;;19592;1430951;5590;171512;52;195;0;0;0;0;0;0;0;;-3,00;-2,00;-2,75;0,00;0,75;1,25;13144,00;13238,00;13081,00;0,23;0,18;0,25;;3,00;2,25;3,25;0,00;0,71;1,20;-8,00;2,00;1,91;8,78;8,85;2,60;-2,00;0,50;2,19;2,21;0,97;-0,91;-0,90;
2.2.2015 14:15;000,0;002,5;;;;;19592;1430951;5590;171512;52;195;0;0;0;0;0;0;0;;-1,50;-0,75;-1,25;0,50;0,50;1,25;13120,00;13223,00;13072,00;0,14;0,10;0,15;;1,75;1,25;1,75;0,75;0,87;nan;-3,75;2,50;nan;5,12;5,21;NaN;-0,94;0,62;1,28;1,30;0,79;-0,73;-0,72;
2.2.2015 14:30;000,0;003,3;;;;;19592;1430952;5590;171512;52;195;0;0;0;0;0;0;0;;-3,50;-3,50;-3,25;1,00;0,75;0,75;13106,00;13222,00;13055,00;0,29;0,29;0,27;;3,75;3,75;3,50;0,90;1,12;1,06;-10,50;2,75;3,08;11,16;11,16;NaN;-2,62;0,69;2,79;2,79;0,97;-0,94;-0,94;
2.2.2015 14:45;000,0;003,5;;;;;19592;1430953;5590;171513;52;195;0;0;0;0;0;0;0;;-3,25;-2,50;-3,25;0,50;0,75;1,25;13123,00;13214,00;13065,00;0,26;0,22;0,28;;3,25;2,75;3,50;nan;0,87;0,35;-9,25;2,75;nan;10,04;10,10;NaN;-2,31;0,69;2,51;2,52;0,96;-0,92;-0,92;
2.2.2015 15:00;000,0;004,2;;;;;19592;1430954;5590;171513;52;195;0;0;0;0;0;0;0;;-2,75;-2,00;-2,75;0,50;0,75;1,00;13123,00;13194,00;13056,00;0,23;0,20;0,25;;2,75;2,50;3,25;nan;1,30;1,41;-7,75;2,50;nan;8,79;8,83;NaN;-1,94;0,62;2,20;2,21;0,95;-0,88;-0,88;
2.2.2015 15:15;000,1;001,4;;;;;19592;1430955;5590;171513;52;195;0;0;0;0;0;0;0;;0,00;0,75;0,00;0,00;0,50;1,00;13098,00;13198,00;13045,00;0,09;0,12;0,13;;0,00;1,50;1,50;0,00;1,20;1,12;0,75;1,75;2,32;4,43;4,47;3,32;0,19;0,44;1,11;1,12;-0,69;0,17;0,17;
2.2.2015 15:30;000,3;000,1;;;;;19592;1430955;5590;171513;52;195;0;0;0;0;0;0;0;;0,00;0,25;0,00;0,00;0,50;1,00;13078,00;13176,00;13024,00;0,08;0,10;0,12;;0,00;1,25;1,50;0,00;1,12;1,12;0,25;1,75;2,24;3,99;4,04;2,87;0,06;0,44;1,00;1,01;0,75;0,06;0,06;
2.2.2015 15:45;000,1;000,9;;;;;19592;1430955;5590;171513;52;195;0;0;0;0;0;0;0;;-1,50;-0,75;-1,25;0,00;0,75;1,25;13072,00;13171,00;13016,00;0,14;0,10;0,16;;1,75;1,25;2,00;0,90;0,66;0,94;-3,75;2,00;2,50;5,20;5,28;1,88;-0,94;0,50;1,30;1,32;0,86;-0,72;-0,71;
2.2.2015 16:00;000,0;000,8;;;;;19592;1430955;5590;171513;52;195;0;0;0;0;0;0;0;;0,25;1,00;0,25;0,00;0,50;1,00;13117,00;13215,00;13051,00;0,09;0,13;0,13;;1,00;1,75;1,50;0,97;1,35;1,09;2,00;1,75;3,40;4,63;4,69;1,83;0,50;0,44;1,16;1,17;0,64;0,43;0,43;
2.2.2015 16:15;000,8;000,0;;;;;19592;1430955;5590;171513;52;195;0;0;0;0;0;0;0;;0,50;1,50;0,50;0,00;0,75;1,25;13104,00;13206,00;13043,00;0,09;0,16;0,14;;1,00;2,00;1,75;0,87;1,09;1,12;2,50;2,00;3,07;5,15;5,27;2,84;0,62;0,50;1,29;1,32;0,70;0,49;0,47;
2.2.2015 16:30;001,3;000,0;;;;;19593;1430955;5591;171513;52;195;0;0;0;0;0;0;0;;0,75;1,50;0,75;0,00;0,00;0,00;13126,00;13222,00;13059,00;0,07;0,12;0,07;;0,75;1,50;0,75;0,00;0,00;0,00;3,25;0,00;0,00;3,52;3,65;1,67;0,81;0,00;0,88;0,91;1,00;0,92;0,89;
2.2.2015 16:45;001,4;000,0;;;;;19593;1430955;5591;171513;52;195;0;0;0;0;0;0;0;;0,75;2,00;0,75;-0,50;0,00;0,50;13130,00;13232,00;13074,00;0,08;0,15;0,09;;1,00;2,00;1,00;0,43;0,00;0,43;3,75;-0,00;0,87;4,21;4,40;2,13;0,94;-0,00;1,05;1,10;1,00;0,89;0,85;
2.2.2015 17:00;001,5;000,0;;;;;19593;1430955;5591;171513;52;195;0;0;0;0;0;0;0;;1,00;1,75;0,75;0,00;0,00;0,00;13132,00;13231,00;13077,00;0,09;0,13;0,07;;1,00;1,75;0,75;0,00;0,00;0,00;3,75;0,00;0,00;3,95;4,06;1,55;0,94;0,00;0,99;1,01;1,00;0,95;0,92;
2.2.2015 17:15;001,5;000,0;;;;;19594;1430955;5591;171513;52;195;0;0;0;0;0;0;0;;1,00;1,75;0,75;0,00;0,00;0,00;13104,00;13208,00;13043,00;0,09;0,13;0,07;;1,00;1,75;0,75;0,00;0,00;0,00;3,75;0,00;0,00;3,94;4,05;1,52;0,94;0,00;0,99;1,01;1,00;0,95;0,93;
2.2.2015 17:30;001,2;000,0;;;;;19594;1430955;5591;171513;52;195;0;0;0;0;0;0;0;;0,75;1,50;0,75;-0,50;0,00;0,00;13088,00;13189,00;13027,00;0,07;0,12;0,07;;0,75;1,50;0,75;nan;0,00;0,00;3,00;-0,50;nan;3,51;3,64;NaN;0,75;-0,12;0,88;0,91;0,99;0,85;0,82;
2.2.2015 17:45;001,5;000,0;;;;;19594;1430955;5591;171513;52;195;0;0;0;0;0;0;0;;1,00;1,75;0,75;-0,50;0,00;0,00;13088,00;13194,00;13032,00;0,09;0,13;0,07;;1,00;1,75;0,75;nan;0,00;0,00;3,75;-0,50;nan;3,90;4,02;NaN;0,94;-0,12;0,98;1,01;0,99;0,96;0,93;
2.2.2015 18:00;001,5;000,0;;;;;19595;1430955;5591;171513;52;195;0;0;0;0;0;0;0;;0,75;2,00;0,75;-0,50;0,00;0,50;13139,00;13247,00;13084,00;0,08;0,15;0,09;;1,00;2,00;1,00;0,43;0,00;0,43;3,75;-0,00;0,87;4,22;4,40;2,13;0,94;-0,00;1,05;1,10;1,00;0,89;0,85;
2.2.2015 18:15;001,5;000,0;;;;;19595;1430955;5591;171513;52;195;0;0;0;0;0;0;0;;0,75;1,50;0,75;0,00;0,00;0,00;13130,00;13229,00;13071,00;0,07;0,12;0,07;;0,75;1,50;0,75;0,00;0,00;0,00;3,25;0,00;0,00;3,52;3,66;1,67;0,81;0,00;0,88;0,91;1,00;0,92;0,89;
2.2.2015 18:30;001,5;000,0;;;;;19596;1430955;5591;171513;52;195;0;0;0;0;0;0;0;;1,00;2,00;0,75;-0,50;0,00;0,00;13116,00;13236,00;13066,00;0,10;0,16;0,09;;1,25;2,00;1,00;0,56;0,00;0,66;4,25;-0,50;1,22;4,61;4,77;1,71;1,06;-0,12;1,15;1,19;0,99;0,92;0,89;
2.2.2015 18:45;001,7;000,0;;;;;19596;1430955;5591;171513;52;195;0;0;0;0;0;0;0;;1,00;2,00;0,75;-0,50;0,00;0,00;13104,00;13210,00;13049,00;0,10;0,16;0,09;;1,25;2,00;1,00;0,56;0,00;0,66;4,25;-0,50;1,22;4,60;4,76;1,69;1,06;-0,12;1,15;1,19;0,99;0,92;0,89;
2.2.2015 19:00;001,7;000,0;;;;;19596;1430955;5591;171513;52;195;0;0;0;0;0;0;0;;1,00;2,00;0,75;-0,50;0,00;0,00;13090,00;13185,00;13031,00;0,10;0,16;0,09;;1,25;2,00;1,00;0,56;0,00;0,66;4,25;-0,50;1,22;4,59;4,75;1,67;1,06;-0,12;1,15;1,19;0,99;0,93;0,89;
2.2.2015 19:15;001,7;000,0;;;;;19597;1430955;5591;171513;52;195;0;0;0;0;0;0;0;;1,50;2,00;1,00;-0,50;0,00;0,00;13113,00;13222,00;13061,00;0,13;0,17;0,09;;1,50;2,00;1,00;nan;0,00;0,00;4,75;-0,50;nan;5,00;5,16;NaN;1,19;-0,12;1,25;1,29;0,99;0,95;0,92;
2.2.2015 19:30;002,0;000,0;;;;;19597;1430955;5591;171513;52;196;0;0;0;0;0;0;0;;1,50;2,00;1,00;-0,50;0,00;0,00;13131,00;13239,00;13070,00;0,13;0,17;0,09;;1,50;2,00;1,00;nan;0,00;0,00;4,75;-0,50;nan;5,04;5,19;NaN;1,19;-0,12;1,26;1,30;0,99;0,94;0,92;
2.2.2015 19:45;001,9;000,0;;;;;19598;1430955;5591;171513;52;196;0;0;0;0;0;0;0;;1,50;2,00;1,00;-0,50;0,00;0,00;13151,00;13268,00;13092,00;0,13;0,17;0,09;;1,50;2,00;1,00;nan;0,00;0,00;4,75;-0,50;nan;5,04;5,20;NaN;1,19;-0,12;1,26;1,30;0,99;0,94;0,91;
2.2.2015 20:00;002,0;000,0;;;;;19598;1430955;5591;171513;52;196;0;0;0;0;0;0;0;;1,50;2,00;1,00;-0,50;0,00;0,00;13162,00;13254,00;13105,00;0,13;0,17;0,09;;1,50;2,00;1,00;nan;0,00;0,00;4,75;-0,50;nan;5,04;5,20;NaN;1,19;-0,12;1,26;1,30;0,99;0,94;0,91;
2.2.2015 20:15;001,9;000,0;;;;;19599;1430955;5591;171513;52;196;0;0;0;0;0;0;0;;1,50;2,00;1,00;-0,50;0,00;0,00;13158,00;13276,00;13106,00;0,13;0,17;0,09;;1,50;2,00;1,00;nan;0,00;0,00;4,75;-0,50;nan;5,05;5,20;NaN;1,19;-0,12;1,26;1,30;0,99;0,94;0,91;
2.2.2015 20:30;001,9;000,0;;;;;19599;1430955;5591;171513;52;196;0;0;0;0;0;0;0;;1,50;2,00;1,00;-0,50;0,00;0,00;13145,00;13261,00;13100,00;0,13;0,17;0,09;;1,50;2,00;1,00;nan;0,00;0,00;4,75;-0,50;nan;5,04;5,20;NaN;1,19;-0,12;1,26;1,30;0,99;0,94;0,91;
2.2.2015 20:45;002,0;000,0;;;;;19600;1430955;5591;171513;52;196;0;0;0;0;0;0;0;;1,50;2,00;1,00;-0,50;0,00;0,00;13150,00;13255,00;13091,00;0,13;0,17;0,09;;1,50;2,00;1,00;nan;0,00;0,00;4,75;-0,50;nan;5,04;5,20;NaN;1,19;-0,12;1,26;1,30;0,99;0,94;0,91;
2.2.2015 21:00;001,8;000,0;;;;;19600;1430955;5591;171513;52;196;0;0;0;0;0;0;0;;1,50;2,00;1,00;-0,50;0,00;0,00;13162,00;13263,00;13108,00;0,13;0,17;0,09;;1,50;2,00;1,00;nan;0,00;0,00;4,75;-0,50;nan;5,05;5,20;NaN;1,19;-0,12;1,26;1,30;0,99;0,94;0,91;
2.2.2015 21:15;002,0;000,0;;;;;19601;1430955;5591;171513;52;196;0;0;0;0;0;0;0;;1,50;2,00;1,00;-0,50;0,00;0,00;13180,00;13274,00;13127,00;0,13;0,17;0,09;;1,50;2,00;1,00;nan;0,00;0,00;4,75;-0,50;nan;5,05;5,21;NaN;1,19;-0,12;1,26;1,30;0,99;0,94;0,91;
2.2.2015 21:30;001,9;000,0;;;;;19601;1430955;5591;171513;52;196;0;0;0;0;0;0;0;;1,50;2,00;1,00;-0,50;0,00;0,00;13179,00;13279,00;13135,00;0,13;0,17;0,09;;1,50;2,00;1,00;nan;0,00;0,00;4,75;-0,50;nan;5,05;5,21;NaN;1,19;-0,12;1,26;1,30;0,99;0,94;0,91;
2.2.2015 21:45;002,0;000,0;;;;;19602;1430955;5591;171513;52;196;0;0;0;0;0;0;0;;1,50;2,00;1,00;-0,50;0,00;0,00;13216,00;13302,00;13158,00;0,13;0,17;0,09;;1,50;2,00;1,00;nan;0,00;0,00;4,75;-0,50;nan;5,06;5,22;NaN;1,19;-0,12;1,27;1,31;0,99;0,94;0,91;
2.2.2015 22:00;001,9;000,0;;;;;19602;1430955;5591;171513;52;196;0;0;0;0;0;0;0;;1,50;2,00;1,00;-0,50;0,00;0,00;13174,00;13262,00;13110,00;0,13;0,17;0,09;;1,50;2,00;1,00;nan;0,00;0,00;4,75;-0,50;nan;5,05;5,20;NaN;1,19;-0,12;1,26;1,30;0,99;0,94;0,91;
2.2.2015 22:15;002,0;000,0;;;;;19603;1430955;5591;171513;52;196;0;0;0;0;0;0;0;;1,50;2,00;1,00;-0,50;0,00;0,00;13185,00;13268,00;13121,00;0,13;0,17;0,09;;1,50;2,00;1,00;nan;0,00;0,00;4,75;-0,50;nan;5,05;5,21;NaN;1,19;-0,12;1,26;1,30;0,99;0,94;0,91;
2.2.2015 22:30;001,9;000,0;;;;;19603;1430955;5591;171513;52;196;0;0;0;0;0;0;0;;1,50;2,00;1,00;-0,50;0,00;0,00;13200,00;13297,00;13137,00;0,13;0,17;0,09;;1,50;2,00;1,00;nan;0,00;0,00;4,75;-0,50;nan;5,06;5,22;NaN;1,19;-0,12;1,26;1,30;0,99;0,94;0,91;
2.2.2015 22:45;002,0;000,0;;;;;19604;1430955;5591;171513;52;196;0;0;0;0;0;0;0;;1,50;2,00;1,00;-0,50;0,00;0,00;13222,00;13315,00;13162,00;0,13;0,17;0,09;;1,50;2,25;1,00;nan;1,03;0,00;4,75;-0,50;nan;5,07;5,23;NaN;1,19;-0,12;1,27;1,31;0,99;0,94;0,91;
2.2.2015 23:00;002,0;000,0;;;;;19604;1430955;5591;171513;52;196;0;0;0;0;0;0;0;;1,50;2,00;1,00;-0,50;0,00;0,00;13225,00;13316,00;13162,00;0,13;0,17;0,09;;1,50;2,25;1,00;nan;1,03;0,00;4,75;-0,50;nan;5,07;5,23;NaN;1,19;-0,12;1,27;1,31;0,99;0,94;0,91;
2.2.2015 23:15;001,9;000,0;;;;;19605;1430955;5591;171513;52;196;0;0;0;0;0;0;0;;1,50;2,00;1,00;-0,50;0,00;0,00;13246,00;13330,00;13180,00;0,13;0,17;0,09;;1,50;2,25;1,00;nan;1,03;0,00;4,75;-0,50;nan;5,07;5,23;NaN;1,19;-0,12;1,27;1,31;0,99;0,94;0,91;
2.2.2015 23:30;002,0;000,0;;;;;19605;1430955;5592;171513;52;196;0;0;0;0;0;0;0;;1,25;1,75;1,00;0,00;0,00;0,00;13230,00;13329,00;13176,00;0,12;0,14;0,08;;1,50;1,75;1,00;0,83;0,00;0,00;4,25;0,00;0,83;4,44;4,55;1,41;1,06;0,00;1,11;1,14;1,00;0,96;0,93;
2.2.2015 23:45;001,8;000,0;;;;;19606;1430955;5592;171513;52;196;0;0;0;0;0;0;0;;1,50;2,00;1,00;-0,50;0,00;0,00;13259,00;13351,00;13198,00;0,13;0,17;0,09;;1,50;2,25;1,00;nan;1,03;0,00;4,75;-0,50;nan;5,11;5,27;NaN;1,19;-0,12;1,28;1,32;0,99;0,93;0,90;
3.2.2015 00:00;002,0;000,0;;;;;19606;1430955;5592;171513;52;196;0;0;0;0;0;0;0;;1,50;2,00;1,00;-0,50;0,00;0,00;13232,00;13326,00;13168,00;0,13;0,17;0,09;;1,50;2,25;1,00;nan;1,03;0,00;4,75;-0,50;nan;5,07;5,23;NaN;1,19;-0,12;1,27;1,31;0,99;0,94;0,91;
3.2.2015 00:15;001,9;000,0;;;;;19607;1430955;5592;171513;52;196;0;0;0;0;0;0;0;;1,50;2,00;1,00;-0,50;0,00;0,00;13243,00;13342,00;13187,00;0,13;0,17;0,09;;1,50;2,25;1,00;nan;1,03;0,00;4,75;-0,50;nan;5,11;5,27;NaN;1,19;-0,12;1,28;1,32;0,99;0,93;0,90;
3.2.2015 00:30;002,0;000,0;;;;;19607;1430955;5592;171513;52;196;0;0;0;0;0;0;0;;1,50;2,00;1,00;-0,50;0,00;0,00;13228,00;13325,00;13174,00;0,13;0,17;0,09;;1,50;2,25;1,00;nan;1,03;0,00;4,75;-0,50;nan;5,07;5,23;NaN;1,19;-0,12;1,27;1,31;0,99;0,94;0,91;
3.2.2015 00:45;001,9;000,0;;;;;19608;1430955;5592;171513;52;196;0;0;0;0;0;0;0;;1,25;1,75;1,00;0,00;0,00;0,00;13235,00;13337,00;13184,00;0,12;0,14;0,08;;1,50;1,75;1,00;0,83;0,00;0,00;4,25;0,00;0,83;4,51;4,62;1,61;1,06;0,00;1,13;1,15;1,00;0,94;0,92;
3.2.2015 01:00;001,8;000,0;;;;;19608;1430955;5592;171513;52;196;0;0;0;0;0;0;0;;1,50;2,00;1,00;-0,50;0,00;0,00;13261,00;13359,00;13206,00;0,13;0,17;0,09;;1,50;2,25;1,00;nan;1,03;0,00;4,75;-0,50;nan;5,15;5,32;NaN;1,19;-0,12;1,29;1,33;0,99;0,92;0,89;
3.2.2015 01:15;002,0;000,0;;;;;19608;1430955;5592;171513;52;196;0;0;0;0;0;0;0;;1,50;2,00;1,00;-0,50;0,00;0,00;13241,00;13336,00;13189,00;0,13;0,17;0,09;;1,50;2,25;1,00;nan;1,03;0,00;4,75;-0,50;nan;5,08;5,23;NaN;1,19;-0,12;1,27;1,31;0,99;0,94;0,91;
3.2.2015 01:30;002,0;000,0;;;;;19609;1430955;5592;171513;52;196;0;0;0;0;0;0;0;;1,50;2,00;1,00;-0,50;0,00;0,00;13231,00;13320,00;13180,00;0,13;0,17;0,09;;1,50;2,25;1,00;nan;1,03;0,00;4,75;-0,50;nan;5,07;5,23;NaN;1,19;-0,12;1,27;1,31;0,99;0,94;0,91;
3.2.2015 01:45;001,9;000,0;;;;;19609;1430955;5592;171513;52;196;0;0;0;0;0;0;0;;1,50;2,00;1,00;-0,50;0,00;0,00;13247,00;13341,00;13193,00;0,13;0,17;0,09;;1,50;2,25;1,00;nan;1,03;0,00;4,75;-0,50;nan;5,08;5,24;NaN;1,19;-0,12;1,27;1,31;0,99;0,94;0,91;
3.2.2015 02:00;001,8;000,0;;;;;19610;1430955;5592;171513;52;196;0;0;0;0;0;0;0;;1,50;2,00;1,00;-0,50;0,00;0,00;13256,00;13352,00;13201,00;0,13;0,17;0,09;;1,50;2,25;1,00;nan;1,03;0,00;4,75;-0,50;nan;5,08;5,24;NaN;1,19;-0,12;1,27;1,31;0,99;0,93;0,91;
3.2.2015 02:15;002,0;000,0;;;;;19610;1430955;5592;171513;52;196;0;0;0;0;0;0;0;;1,50;2,25;1,00;-0,50;0,00;0,00;13287,00;13380,00;13227,00;0,13;0,17;0,09;;1,50;2,25;1,00;nan;0,00;0,00;4,75;-0,50;nan;5,19;5,35;NaN;1,19;-0,12;1,30;1,34;0,99;0,91;0,89;
3.2.2015 02:30;002,0;000,0;;;;;19611;1430955;5592;171513;52;196;0;0;0;0;0;0;0;;1,50;2,25;1,00;-0,50;0,00;0,00;13281,00;13379,00;13229,00;0,13;0,17;0,09;;1,50;2,25;1,00;nan;0,00;0,00;4,75;-0,50;nan;5,19;5,35;NaN;1,19;-0,12;1,30;1,34;0,99;0,91;0,89;
3.2.2015 02:45;002,0;000,0;;;;;19611;1430955;5592;171513;52;196;0;0;0;0;0;0;0;;1,50;2,25;1,00;-0,50;0,00;0,00;13268,00;13365,00;13229,00;0,13;0,17;0,09;;1,50;2,25;1,00;nan;0,00;0,00;4,75;-0,50;nan;5,15;5,31;NaN;1,19;-0,12;1,29;1,33;0,99;0,92;0,89;
3.2.2015 03:00;002,0;000,0;;;;;19612;1430955;5592;171513;52;196;0;0;0;0;0;0;0;;1,50;2,25;1,00;-0,50;0,00;0,00;13280,00;13369,00;13226,00;0,13;0,17;0,09;;1,50;2,25;1,00;nan;0,00;0,00;4,75;-0,50;nan;5,16;5,31;NaN;1,19;-0,12;1,29;1,33;0,99;0,92;0,89;
3.2.2015 03:15;001,9;000,0;;;;;19612;1430955;5592;171513;52;196;0;0;0;0;0;0;0;;1,50;2,25;1,00;-0,50;0,00;0,00;13287,00;13380,00;13233,00;0,13;0,17;0,09;;1,50;2,25;1,00;nan;0,00;0,00;4,75;-0,50;nan;5,13;5,27;NaN;1,19;-0,12;1,28;1,32;0,99;0,93;0,90;
3.2.2015 03:30;002,0;000,0;;;;;19613;1430955;5592;171513;52;196;0;0;0;0;0;0;0;;1,50;2,25;1,00;-0,50;0,00;0,00;13285,00;13375,00;13228,00;0,13;0,17;0,09;;1,50;2,25;1,00;nan;0,00;0,00;4,75;-0,50;nan;5,19;5,35;NaN;1,19;-0,12;1,30;1,34;0,99;0,91;0,89;
3.2.2015 03:45;002,0;000,0;;;;;19613;1430955;5592;171513;52;196;0;0;0;0;0;0;0;;1,50;2,00;1,00;-0,50;0,00;0,00;13278,00;13365,00;13222,00;0,13;0,17;0,09;;1,50;2,25;1,00;nan;1,03;0,00;4,75;-0,50;nan;5,12;5,29;NaN;1,19;-0,12;1,28;1,32;0,99;0,93;0,90;
3.2.2015 04:00;002,0;000,0;;;;;19614;1430955;5593;171513;52;196;0;0;0;0;0;0;0;;1,50;2,00;1,00;-0,50;0,00;0,00;13261,00;13356,00;13209,00;0,13;0,17;0,09;;1,50;2,25;1,00;nan;1,03;0,00;4,75;-0,50;nan;5,08;5,24;NaN;1,19;-0,12;1,27;1,31;0,99;0,93;0,91;
3.2.2015 04:15;002,0;000,0;;;;;19614;1430955;5593;171513;52;196;0;0;0;0;0;0;0;;1,50;2,00;1,00;-0,50;0,00;0,00;13232,00;13331,00;13176,00;0,13;0,17;0,09;;1,50;2,25;1,00;nan;1,03;0,00;4,75;-0,50;nan;5,07;5,23;NaN;1,19;-0,12;1,27;1,31;0,99;0,94;0,91;
3.2.2015 04:30;001,9;000,0;;;;;19615;1430955;5593;171513;52;196;0;0;0;0;0;0;0;;1,50;2,00;1,00;-0,50;0,00;0,00;13224,00;13311,00;13168,00;0,13;0,17;0,09;;1,50;2,25;1,00;nan;1,03;0,00;4,75;-0,50;nan;5,07;5,23;NaN;1,19;-0,12;1,27;1,31;0,99;0,94;0,91;
3.2.2015 04:45;002,0;000,0;;;;;19615;1430955;5593;171513;52;196;0;0;0;0;0;0;0;;1,50;2,00;1,00;-0,50;0,00;0,00;13251,00;13353,00;13202,00;0,13;0,17;0,09;;1,50;2,25;1,00;nan;1,03;0,00;4,75;-0,50;nan;5,08;5,24;NaN;1,19;-0,12;1,27;1,31;0,99;0,93;0,91;
3.2.2015 05:00;002,0;000,0;;;;;19616;1430955;5593;171513;52;196;0;0;0;0;0;0;0;;1,50;2,00;1,00;-0,50;0,00;0,00;13205,00;13308,00;13158,00;0,13;0,17;0,09;;1,50;2,00;1,00;nan;0,00;0,00;4,75;-0,50;nan;5,06;5,22;NaN;1,19;-0,12;1,27;1,31;0,99;0,94;0,91;
3.2.2015 05:15;001,9;000,0;;;;;19616;1430955;5593;171513;52;196;0;0;0;0;0;0;0;;1,25;1,75;1,00;0,00;0,00;0,00;13237,00;13327,00;13174,00;0,12;0,14;0,08;;1,50;1,75;1,00;0,83;0,00;0,00;4,25;0,00;0,83;4,44;4,55;1,41;1,06;0,00;1,11;1,14;1,00;0,96;0,93;
3.2.2015 05:30;001,7;000,0;;;;;19617;1430955;5593;171513;52;196;0;0;0;0;0;0;0;;1,25;1,75;1,00;0,00;0,00;0,00;13219,00;13309,00;13156,00;0,12;0,14;0,08;;1,50;1,75;1,00;0,83;0,00;0,00;4,25;0,00;0,83;4,44;4,55;1,39;1,06;0,00;1,11;1,14;1,00;0,96;0,93;
3.2.2015 05:45;002,0;000,0;;;;;19617;1430955;5593;171513;52;196;0;0;0;0;0;0;0;;1,50;2,00;1,00;-0,50;0,00;0,00;13196,00;13258,00;13141,00;0,13;0,17;0,09;;1,50;2,00;1,00;nan;0,00;0,00;4,75;-0,50;nan;5,05;5,21;NaN;1,19;-0,12;1,26;1,30;0,99;0,94;0,91;
3.2.2015 06:00;001,9;000,0;;;;;19618;1430955;5593;171513;52;196;0;0;0;0;0;0;0;;1,50;2,00;1,00;-0,50;0,00;0,00;13212,00;13309,00;13158,00;0,13;0,17;0,09;;1,50;2,25;1,00;nan;1,03;0,00;4,75;-0,50;nan;5,07;5,22;NaN;1,19;-0,12;1,27;1,31;0,99;0,94;0,91;
3.2.2015 06:15;002,0;000,0;;;;;19618;1430955;5593;171513;52;196;0;0;0;0;0;0;0;;1,50;2,00;1,00;-0,50;0,00;0,00;13118,00;13205,00;13048,00;0,13;0,17;0,09;;1,50;2,00;1,00;nan;0,00;0,00;4,75;-0,50;nan;4,99;5,16;NaN;1,19;-0,12;1,25;1,29;0,99;0,95;0,92;
3.2.2015 06:30;001,9;000,0;;;;;19619;1430955;5593;171513;52;196;0;0;0;0;0;0;0;;1,50;2,00;1,00;-0,50;0,00;0,00;13102,00;13178,00;13038,00;0,13;0,16;0,09;;1,50;2,00;1,00;nan;0,00;0,00;4,75;-0,50;nan;4,95;5,11;NaN;1,19;-0,12;1,24;1,28;0,99;0,96;0,93;
3.2.2015 06:45;001,9;000,0;;;;;19619;1430955;5593;171513;52;196;0;0;0;0;0;0;0;;1,50;2,00;1,00;-0,50;0,00;0,00;13122,00;13213,00;13065,00;0,13;0,17;0,09;;1,50;2,00;1,00;nan;0,00;0,00;4,75;-0,50;nan;5,03;5,19;NaN;1,19;-0,12;1,26;1,30;0,99;0,94;0,92;
3.2.2015 07:00;002,0;000,0;;;;;19620;1430955;5593;171513;52;196;0;0;0;0;0;0;0;;1,50;2,00;1,00;-0,50;0,00;0,00;13127,00;13227,00;13075,00;0,13;0,17;0,09;;1,50;2,00;1,00;nan;0,00;0,00;4,75;-0,50;nan;5,03;5,19;NaN;1,19;-0,12;1,26;1,30;0,99;0,94;0,92;
3.2.2015 07:15;001,9;000,0;;;;;19620;1430955;5593;171513;52;197;0;0;0;0;0;0;0;;1,25;1,75;1,00;0,00;0,00;0,00;13104,00;13198,00;13052,00;0,12;0,14;0,08;;1,50;1,75;1,00;0,83;0,00;0,00;4,25;0,00;0,83;4,40;4,51;1,26;1,06;0,00;1,10;1,13;1,00;0,97;0,94;
3.2.2015 07:30;001,8;000,0;;;;;19621;1430955;5593;171513;52;197;0;0;0;0;0;0;0;;1,50;2,00;1,00;-0,50;0,00;0,00;13084,00;13185,00;13030,00;0,13;0,16;0,09;;1,50;2,00;1,00;nan;0,00;0,00;4,75;-0,50;nan;4,95;5,11;NaN;1,19;-0,12;1,24;1,28;0,99;0,96;0,93;
3.2.2015 07:45;001,8;000,0;;;;;19621;1430955;5593;171513;52;197;0;0;0;0;0;0;0;;1,25;1,75;0,75;-0,50;0,00;0,00;13087,00;13188,00;13030,00;0,12;0,14;0,08;;1,50;1,75;1,00;0,66;0,00;0,66;4,25;-0,50;1,32;4,39;4,51;0,48;1,06;-0,12;1,10;1,13;0,99;0,97;0,94;
3.2.2015 08:00;001,6;000,0;;;;;19621;1430955;5595;171513;52;197;0;0;0;0;0;0;0;;1,00;1,50;1,00;6,25;6,50;6,75;13120,00;13233,00;13063,00;0,50;0,52;0,54;;6,50;6,75;7,00;1,48;1,03;1,56;4,00;19,75;4,07;20,46;20,48;NaN;1,00;4,94;5,12;5,12;0,22;0,20;0,20;
3.2.2015 08:15;001,4;000,0;;;;;19622;1430955;5597;171513;52;197;0;0;0;0;0;0;0;;0,75;1,00;0,75;8,25;8,25;8,50;13083,00;13186,00;13024,00;0,64;0,64;0,67;;8,25;8,50;8,50;nan;1,79;nan;2,75;25,25;nan;25,54;25,55;NaN;0,69;6,31;6,38;6,39;-0,97;0,11;0,11;
3.2.2015 08:30;001,1;000,0;;;;;19622;1430955;5599;171513;52;197;0;0;0;0;0;0;0;;0,75;1,25;0,25;0,00;1,00;1,00;13054,00;13153,00;12989,00;0,10;0,15;0,11;;1,25;2,00;1,25;1,00;1,20;0,71;2,75;2,00;2,91;4,74;4,81;1,77;0,69;0,50;1,18;1,20;0,75;0,58;0,57;
3.2.2015 08:45;000,7;000,0;;;;;19622;1430955;5599;171513;52;197;0;0;0;0;0;0;0;;0,75;1,00;0,25;0,00;1,00;1,00;13060,00;13154,00;12991,00;0,09;0,13;0,10;;1,00;1,75;1,25;0,66;1,03;0,71;2,00;2,00;2,40;4,18;4,25;2,08;0,50;0,50;1,05;1,06;0,54;0,48;0,47;
3.2.2015 09:00;000,5;000,2;;;;;19622;1430955;5599;171514;52;197;0;0;0;0;0;0;0;;0,00;0,50;-0,25;0,00;1,00;1,00;13085,00;13184,00;13023,00;0,06;0,11;0,10;;0,00;1,50;1,25;0,00;1,00;0,71;0,25;2,00;1,71;3,60;3,73;2,63;0,06;0,50;0,90;0,93;-0,15;0,07;0,07;
3.2.2015 09:15;000,0;000,6;;;;;19622;1430955;5599;171514;52;197;0;0;0;0;0;0;0;;-0,75;-0,25;-1,25;0,00;1,00;1,00;13022,00;13119,00;12957,00;0,08;0,10;0,14;;1,00;1,25;1,75;0,66;0,71;0,71;-2,50;2,25;2,08;4,10;4,22;1,47;-0,62;0,56;1,03;1,05;0,62;-0,61;-0,59;
3.2.2015 09:30;000,3;000,1;;;;;19622;1430955;5599;171514;52;197;0;0;0;0;0;0;0;;0,50;0,75;0,00;0,00;1,00;1,00;13039,00;13134,00;12973,00;0,07;0,12;0,10;;0,75;1,50;1,25;0,56;0,83;0,75;1,25;2,00;2,14;3,88;3,96;2,36;0,31;0,50;0,97;0,99;-0,03;0,32;0,32;
3.2.2015 09:45;000,1;000,1;;;;;19622;1430955;5599;171514;52;197;0;0;0;0;0;0;0;;0,00;0,00;-0,50;0,00;1,00;0,75;13028,00;13131,00;12960,00;0,06;0,09;0,10;;0,00;1,25;1,25;0,00;0,75;0,87;-0,50;2,00;1,62;3,26;3,34;2,07;-0,12;0,50;0,82;0,83;-0,65;-0,15;-0,15;
3.2.2015 10:00;000,0;000,2;;;;;19622;1430955;5599;171514;52;197;0;0;0;0;0;0;0;;-0,25;0,00;-0,75;0,00;1,00;0,75;13043,00;13147,00;12968,00;0,06;0,09;0,10;;0,75;1,25;1,25;0,71;0,75;0,66;-1,00;2,00;2,12;3,36;3,46;1,57;-0,25;0,50;0,84;0,86;-0,42;-0,30;-0,29;
3.2.2015 10:15;000,0;000,3;;;;;19622;1430955;5599;171514;52;197;0;0;0;0;0;0;0;;-0,25;0,00;-0,25;0,00;0,75;1,00;13052,00;13150,00;12988,00;0,07;0,09;0,10;;0,75;1,00;1,25;0,71;0,66;0,71;-0,75;1,75;2,08;3,40;3,45;1,99;-0,19;0,44;0,85;0,86;-0,69;-0,22;-0,22;
3.2.2015 10:30;000,0;000,4;;;;;19622;1430955;5599;171515;52;197;0;0;0;0;0;0;0;;-0,50;-0,25;-1,00;0,00;1,00;0,75;13057,00;13151,00;12991,00;0,07;0,10;0,11;;0,75;1,25;1,25;0,56;0,71;0,00;-2,00;2,00;1,27;3,69;3,76;2,12;-0,50;0,50;0,92;0,94;0,54;-0,54;-0,53;
3.2.2015 10:45;000,0;000,6;;;;;19622;1430956;5599;171515;52;197;0;0;0;0;0;0;0;;-0,75;-0,50;-1,00;0,00;1,00;1,00;13087,00;13189,00;13009,00;0,09;0,09;0,14;;1,00;1,25;1,75;0,66;0,56;1,03;-2,50;2,00;2,25;4,19;4,26;1,69;-0,62;0,50;1,05;1,07;0,70;-0,60;-0,59;
3.2.2015 11:00;000,0;004,8;;;;;19622;1430957;5599;171515;52;197;0;0;0;0;0;0;0;;-3,75;-3,50;-4,25;0,50;1,25;1,00;13121,00;13229,00;13055,00;0,30;0,29;0,35;;3,75;3,75;4,50;nan;0,50;1,09;-11,50;2,75;nan;12,24;12,29;NaN;-2,88;0,69;3,06;3,07;0,97;-0,94;-0,94;
3.2.2015 11:15;000,0;002,2;;;;;19622;1430957;5599;171515;52;197;0;0;0;0;0;0;0;;-1,75;-1,00;-1,75;0,00;0,75;1,25;13105,00;13203,00;13050,00;0,16;0,11;0,17;;2,00;1,50;2,25;0,97;0,83;0,66;-4,75;2,00;2,46;5,80;5,90;1,46;-1,19;0,50;1,45;1,47;0,91;-0,82;-0,81;
3.2.2015 11:30;000,0;003,2;;;;;19622;1430958;5599;171515;52;197;0;0;0;0;0;0;0;;-2,50;-1,75;-2,50;0,00;0,75;1,00;13075,00;13176,00;13017,00;0,20;0,17;0,23;;2,50;2,25;3,00;0,00;1,20;1,32;-7,00;2,00;2,52;7,88;7,94;1,94;-1,75;0,50;1,97;1,99;0,96;-0,89;-0,88;
3.2.2015 11:45;000,0;009,3;;;;;19622;1430961;5599;171516;52;197;0;0;0;0;0;0;0;;-6,00;-5,50;-6,25;0,50;1,00;1,25;13091,00;13191,00;13024,00;0,47;0,43;0,49;;6,00;5,50;6,25;nan;nan;nan;-18,00;2,75;nan;18,30;18,34;NaN;-4,50;0,69;4,58;4,58;0,99;-0,98;-0,98;
3.2.2015 12:00;000,0;008,4;;;;;19622;1430963;5599;171516;52;197;0;0;0;0;0;0;0;;-9,25;-9,75;-9,25;1,25;1,00;0,75;13127,00;13230,00;13062,00;0,72;0,75;0,72;;9,50;9,75;9,25;1,77;nan;nan;-28,50;3,00;nan;28,81;28,81;NaN;-7,12;0,75;7,20;7,20;0,99;-0,99;-0,99;
3.2.2015 12:15;000,0;010,2;;;;;19622;1430965;5599;171516;52;197;0;0;0;0;0;0;0;;-8,75;-8,25;-9,00;0,50;1,00;1,25;13115,00;13210,00;13041,00;0,68;0,64;0,71;;8,75;8,25;9,00;nan;nan;nan;-26,25;3,00;nan;26,57;26,60;NaN;-6,56;0,75;6,64;6,65;0,99;-0,99;-0,99;
3.2.2015 12:30;000,0;011,3;;;;;19622;1430968;5599;171517;52;197;0;0;0;0;0;0;0;;-9,50;-8,75;-9,50;0,50;1,00;1,25;13116,00;13211,00;13042,00;0,74;0,69;0,75;;9,50;9,00;9,75;nan;1,85;1,80;-28,25;3,25;nan;28,54;28,56;NaN;-7,06;0,81;7,13;7,14;0,99;-0,99;-0,99;
3.2.2015 12:45;000,0;012,1;;;;;19622;1430971;5599;171517;52;197;0;0;0;0;0;0;0;;-10,00;-9,50;-10,25;0,75;1,00;1,50;13115,00;13216,00;13046,00;0,78;0,73;0,80;;10,25;9,50;10,25;2,12;nan;nan;-30,00;3,25;nan;30,31;30,34;NaN;-7,50;0,81;7,58;7,59;0,99;-0,99;-0,99;
3.2.2015 13:00;000,0;012,3;;;;;19622;1430974;5599;171517;52;197;0;0;0;0;0;0;0;;-10,50;-9,75;-10,50;0,75;1,00;1,50;13134,00;13234,00;13069,00;0,81;0,75;0,82;;10,50;9,75;10,75;nan;nan;1,75;-31,00;3,50;nan;31,28;31,31;NaN;-7,75;0,88;7,82;7,83;0,99;-0,99;-0,99;
3.2.2015 13:15;000,0;013,1;;;;;19622;1430977;5599;171518;52;197;0;0;0;0;0;0;0;;-11,50;-11,75;-11,50;1,25;1,00;0,75;13117,00;13223,00;13058,00;0,88;0,90;0,89;;11,50;11,75;11,50;nan;nan;nan;-35,00;3,50;nan;35,20;35,20;NaN;-8,75;0,88;8,80;8,80;1,00;-0,99;-0,99;
3.2.2015 13:30;000,0;014,2;;;;;19622;1430981;5599;171518;52;197;0;0;0;0;0;0;0;;-12,25;-11,75;-12,50;0,75;1,25;1,50;13101,00;13196,00;13028,00;0,95;0,90;0,97;;12,25;11,75;12,50;nan;nan;nan;-36,50;3,75;nan;36,96;36,98;NaN;-9,12;0,94;9,24;9,25;0,99;-0,99;-0,99;
3.2.2015 13:45;000,0;019,0;;;;;19622;1430986;5599;171519;52;197;0;0;0;0;0;0;0;;-21,00;-21,25;-20,25;9,75;8,50;9,00;13120,00;13224,00;13057,00;1,78;1,75;1,71;;23,25;23,00;22,25;2,12;2,28;2,00;-62,75;27,75;6,40;68,79;68,80;NaN;-15,69;6,94;17,20;17,20;0,90;-0,91;-0,91;
3.2.2015 14:00;000,0;027,6;;;;;19622;1430993;5599;171522;52;197;0;0;0;0;0;0;0;;-25,25;-24,25;-24,25;10,00;9,50;10,50;13154,00;13262,00;13094,00;2,07;1,98;2,04;;27,25;26,00;26,50;2,24;nan;1,98;-74,00;30,25;nan;80,13;80,16;NaN;-18,50;7,56;20,03;20,04;0,92;-0,92;-0,92;
3.2.2015 14:15;000,0;032,6;;;;;19622;1431001;5599;171525;52;197;0;0;0;0;0;0;0;;-29,25;-29,50;-28,50;11,00;9,75;10,25;13174,00;13284,00;13118,00;2,39;2,35;2,32;;31,50;31,00;30,25;3,96;nan;nan;-87,50;31,25;nan;93,07;93,08;NaN;-21,88;7,81;23,27;23,27;0,94;-0,94;-0,94;
3.2.2015 14:30;000,0;035,3;;;;;19622;1431010;5599;171526;52;197;0;0;0;0;0;0;0;;-29,25;-28,75;-29,25;2,25;2,50;2,50;13189,00;13288,00;13121,00;2,22;2,18;2,25;;29,25;28,75;29,50;nan;nan;2,90;-87,50;7,25;nan;87,87;87,88;NaN;-21,88;1,81;21,97;21,97;1,00;-1,00;-1,00;
3.2.2015 14:45;000,0;034,5;;;;;19622;1431018;5599;171527;52;197;0;0;0;0;0;0;0;;-27,50;-27,00;-27,75;1,75;2,25;2,50;13203,00;13309,00;13132,00;2,11;2,05;2,13;;27,75;27,00;27,75;3,28;nan;nan;-82,50;6,75;nan;82,98;83,00;NaN;-20,62;1,69;20,75;20,75;1,00;-0,99;-0,99;
3.2.2015 15:00;000,0;032,2;;;;;19622;1431026;5599;171528;52;197;0;0;0;0;0;0;0;;-25,75;-25,00;-25,75;1,75;2,00;2,25;13179,00;13288,00;13115,00;1,97;1,90;1,98;;25,75;25,25;25,75;nan;2,93;nan;-76,75;6,25;nan;77,14;77,16;NaN;-19,19;1,56;19,29;19,29;1,00;-0,99;-0,99;
3.2.2015 15:15;000,0;029,0;;;;;19622;1431034;5599;171528;52;197;0;0;0;0;0;0;0;;-22,25;-21,75;-22,25;1,50;1,75;2,00;13150,00;13241,00;13090,00;1,70;1,65;1,72;;22,25;21,75;22,50;nan;nan;2,68;-66,25;5,50;nan;66,72;66,73;NaN;-16,56;1,38;16,68;16,68;1,00;-0,99;-0,99;
3.2.2015 15:30;000,0;022,4;;;;;19622;1431039;5599;171529;52;197;0;0;0;0;0;0;0;;-14,50;-14,00;-14,50;1,00;1,25;1,50;13144,00;13254,00;13099,00;1,12;1,07;1,12;;14,50;14,00;14,50;nan;nan;nan;-43,25;4,00;nan;43,51;43,52;NaN;-10,81;1,00;10,88;10,88;1,00;-0,99;-0,99;
3.2.2015 15:45;000,0;015,5;;;;;19622;1431043;5599;171529;52;197;0;0;0;0;0;0;0;;-12,75;-11,75;-12,75;0,75;1,25;1,75;13144,00;13261,00;13090,00;0,97;0,90;0,99;;12,75;11,75;12,75;nan;nan;nan;-37,25;3,75;nan;37,64;37,69;NaN;-9,31;0,94;9,41;9,42;0,99;-0,99;-0,99;
3.2.2015 16:00;000,0;007,6;;;;;19622;1431045;5599;171530;52;197;0;0;0;0;0;0;0;;-2,50;-1,50;-2,25;0,00;0,75;1,25;13161,00;13285,00;13113,00;0,21;0,14;0,22;;2,50;1,75;2,75;0,00;0,50;0,97;-6,50;2,00;1,47;7,51;7,64;3,15;-1,62;0,50;1,88;1,91;0,95;-0,87;-0,85;
3.2.2015 16:15;000,0;001,0;;;;;19622;1431045;5599;171530;52;197;0;0;0;0;0;0;0;;-0,25;0,25;0,00;0,00;0,50;1,00;13178,00;13281,00;13123,00;0,07;0,08;0,11;;0,75;1,00;1,25;0,71;0,83;0,75;-0,00;1,75;2,29;3,40;3,46;1,92;-0,00;0,44;0,85;0,86;nan;-0,00;-0,00;
3.2.2015 16:30;000,7;000,0;;;;;19623;1431045;5599;171530;52;197;0;0;0;0;0;0;0;;0,50;1,50;0,50;0,00;0,75;1,25;13172,00;13281,00;13114,00;0,09;0,16;0,14;;1,00;2,00;1,75;0,87;1,09;1,12;3,00;2,00;3,07;5,05;5,20;2,13;0,75;0,50;1,26;1,30;0,79;0,59;0,58;
3.2.2015 16:45;001,5;000,0;;;;;19623;1431045;5601;171530;52;197;0;0;0;0;0;0;0;;0,75;2,00;0,75;-0,50;0,00;0,50;13169,00;13275,00;13106,00;0,08;0,15;0,09;;1,00;2,00;1,00;0,43;0,00;0,43;3,75;-0,00;0,87;4,22;4,41;2,15;0,94;-0,00;1,06;1,10;1,00;0,89;0,85;
3.2.2015 17:00;001,3;000,0;;;;;19623;1431045;5601;171530;52;197;0;0;0;0;0;0;0;;0,75;1,50;0,75;0,00;0,00;0,00;13145,00;13240,00;13091,00;0,07;0,12;0,07;;0,75;1,50;0,75;0,00;0,00;0,00;3,25;0,00;0,00;3,52;3,66;1,68;0,81;0,00;0,88;0,91;1,00;0,92;0,89;
3.2.2015 17:15;001,3;000,0;;;;;19624;1431045;5601;171530;52;197;0;0;0;0;0;0;0;;0,75;1,50;0,75;0,00;0,00;0,00;13130,00;13239,00;13071,00;0,07;0,12;0,07;;0,75;1,50;0,75;0,00;0,00;0,00;3,25;0,00;0,00;3,52;3,66;1,67;0,81;0,00;0,88;0,91;1,00;0,92;0,89;
3.2.2015 17:30;001,4;000,0;;;;;19624;1431045;5601;171530;52;197;0;0;0;0;0;0;0;;1,00;2,00;0,75;-0,50;0,00;0,00;13130,00;13233,00;13070,00;0,10;0,16;0,09;;1,25;2,00;1,00;0,56;0,00;0,66;4,25;-0,50;1,22;4,61;4,77;1,71;1,06;-0,12;1,15;1,19;0,99;0,92;0,89;
3.2.2015 17:45;001,6;000,0;;;;;19624;1431045;5601;171530;52;197;0;0;0;0;0;0;0;;0,75;1,50;0,75;0,00;0,00;0,00;13132,00;13245,00;13075,00;0,07;0,12;0,07;;0,75;1,50;0,75;0,00;0,00;0,00;3,25;0,00;0,00;3,52;3,66;1,68;0,81;0,00;0,88;0,91;1,00;0,92;0,89;
3.2.2015 18:00;001,3;000,0;;;;;19625;1431045;5601;171530;52;197;0;0;0;0;0;0;0;;0,75;1,50;0,75;0,00;0,00;0,00;13177,00;13291,00;13121,00;0,07;0,13;0,07;;0,75;1,50;0,75;0,00;0,00;0,00;3,25;0,00;0,00;3,57;3,71;1,80;0,81;0,00;0,89;0,93;1,00;0,91;0,87;
3.2.2015 18:15;001,3;000,0;;;;;19625;1431045;5601;171530;52;197;0;0;0;0;0;0;0;;0,75;1,50;0,75;0,00;0,00;0,00;13160,00;13276,00;13096,00;0,07;0,12;0,07;;0,75;1,50;0,75;0,00;0,00;0,00;3,25;0,00;0,00;3,53;3,66;1,69;0,81;0,00;0,88;0,92;1,00;0,92;0,89;
3.2.2015 18:30;001,4;000,0;;;;;19625;1431045;5601;171530;52;197;0;0;0;0;0;0;0;;1,00;1,75;0,75;0,00;0,00;0,00;13149,00;13261,00;13084,00;0,09;0,13;0,07;;1,00;1,75;0,75;0,00;0,00;0,00;3,75;0,00;0,00;3,95;4,06;1,56;0,94;0,00;0,99;1,02;1,00;0,95;0,92;
3.2.2015 18:45;001,5;000,0;;;;;19626;1431045;5601;171530;52;197;0;0;0;0;0;0;0;;1,00;2,00;0,75;-0,50;0,00;0,00;13154,00;13262,00;13088,00;0,10;0,16;0,09;;1,25;2,00;1,00;0,56;0,00;0,66;4,25;-0,50;1,22;4,62;4,78;1,73;1,06;-0,12;1,15;1,19;0,99;0,92;0,89;
3.2.2015 19:00;001,4;000,0;;;;;19626;1431045;5601;171530;52;197;0;0;0;0;0;0;0;;1,25;1,75;0,75;0,00;0,00;0,00;13139,00;13244,00;13081,00;0,12;0,14;0,08;;1,50;1,75;1,00;0,83;0,00;0,66;4,25;0,00;1,49;4,41;4,52;0,42;1,06;0,00;1,10;1,13;1,00;0,96;0,94;
3.2.2015 19:15;001,7;000,0;;;;;19627;1431045;5601;171530;52;197;0;0;0;0;0;0;0;;1,00;1,75;0,75;0,00;0,00;0,00;13185,00;13286,00;13123,00;0,09;0,13;0,07;;1,00;1,75;0,75;0,00;0,00;0,00;3,75;0,00;0,00;3,96;4,07;1,59;0,94;0,00;0,99;1,02;1,00;0,95;0,92;
3.2.2015 19:30;001,5;000,0;;;;;19627;1431045;5601;171530;52;197;0;0;0;0;0;0;0;;1,00;2,00;1,00;-0,50;0,00;0,00;13205,00;13308,00;13138,00;0,10;0,16;0,09;;1,25;2,00;1,00;0,56;0,00;0,00;4,25;-0,50;0,56;4,63;4,79;2,09;1,06;-0,12;1,16;1,20;0,99;0,92;0,89;
3.2.2015 19:45;001,8;000,0;;;;;19627;1431045;5601;171530;52;197;0;0;0;0;0;0;0;;1,00;1,75;0,75;0,00;0,00;0,00;13225,00;13336,00;13175,00;0,09;0,13;0,07;;1,25;1,75;1,00;0,75;0,00;0,66;3,75;0,00;1,41;3,98;4,09;0,81;0,94;0,00;0,99;1,02;1,00;0,94;0,92;
3.2.2015 20:00;001,4;000,0;;;;;19628;1431045;5601;171530;52;197;0;0;0;0;0;0;0;;1,25;1,75;1,00;0,00;0,00;0,00;13214,00;13336,00;13164,00;0,12;0,14;0,08;;1,50;1,75;1,00;0,83;0,00;0,00;4,25;0,00;0,83;4,47;4,59;1,53;1,06;0,00;1,12;1,15;1,00;0,95;0,93;
3.2.2015 20:15;001,8;000,0;;;;;19628;1431045;5601;171530;52;197;0;0;0;0;0;0;0;;1,00;2,00;1,00;-0,50;0,00;0,50;13220,00;13321,00;13160,00;0,10;0,16;0,09;;1,25;2,00;1,00;0,56;0,00;nan;4,25;-0,00;nan;4,64;4,80;NaN;1,06;-0,00;1,16;1,20;1,00;0,92;0,89;
3.2.2015 20:30;001,7;000,0;;;;;19629;1431045;5601;171530;52;197;0;0;0;0;0;0;0;;1,25;1,75;1,00;0,00;0,00;0,00;13209,00;13307,00;13150,00;0,12;0,14;0,08;;1,50;1,75;1,00;0,83;0,00;0,00;4,25;0,00;0,83;4,43;4,55;1,39;1,06;0,00;1,11;1,14;1,00;0,96;0,93;
3.2.2015 20:45;001,7;000,0;;;;;19629;1431045;5601;171530;52;197;0;0;0;0;0;0;0;;1,00;1,75;0,75;0,00;0,00;0,00;13239,00;13332,00;13177,00;0,09;0,13;0,07;;1,00;1,75;1,00;0,00;0,00;0,66;3,75;0,00;0,66;3,98;4,09;1,49;0,94;0,00;0,99;1,02;1,00;0,94;0,92;
3.2.2015 21:00;001,5;000,0;;;;;19629;1431045;5601;171530;52;197;0;0;0;0;0;0;0;;1,00;1,75;0,75;0,00;0,00;0,00;13255,00;13356,00;13193,00;0,09;0,13;0,07;;1,25;1,75;1,00;0,75;0,00;0,66;3,75;0,00;1,41;3,99;4,09;0,84;0,94;0,00;1,00;1,02;1,00;0,94;0,92;
3.2.2015 21:15;001,7;000,0;;;;;19630;1431045;5601;171530;52;197;0;0;0;0;0;0;0;;1,50;2,00;1,00;-0,50;0,00;0,00;13242,00;13328,00;13188,00;0,13;0,17;0,09;;1,50;2,25;1,00;nan;1,03;0,00;4,75;-0,50;nan;5,07;5,23;NaN;1,19;-0,12;1,27;1,31;0,99;0,94;0,91;
3.2.2015 21:30;001,8;000,0;;;;;19630;1431045;5601;171530;52;197;0;0;0;0;0;0;0;;1,00;1,75;0,75;0,00;0,00;0,00;13261,00;13369,00;13201,00;0,09;0,14;0,07;;1,25;1,75;1,00;0,75;0,00;0,66;3,75;0,00;1,41;4,02;4,14;1,04;0,94;0,00;1,01;1,03;1,00;0,93;0,91;
3.2.2015 21:45;001,4;000,0;;;;;19631;1431045;5601;171530;52;197;0;0;0;0;0;0;0;;0,75;1,50;0,75;0,00;0,00;0,50;13265,00;13369,00;13211,00;0,07;0,13;0,07;;0,75;1,50;1,00;0,00;0,00;0,43;3,25;0,50;0,43;3,62;3,76;1,78;0,81;0,12;0,91;0,94;0,99;0,90;0,86;
3.2.2015 22:00;001,4;000,0;;;;;19631;1431045;5601;171530;52;197;0;0;0;0;0;0;0;;1,00;1,75;0,75;0,00;0,00;0,00;13273,00;13359,00;13206,00;0,09;0,14;0,07;;1,25;1,75;1,00;0,75;0,00;0,66;3,75;0,00;1,41;4,02;4,14;1,04;0,94;0,00;1,01;1,04;1,00;0,93;0,91;
3.2.2015 22:15;001,5;000,0;;;;;19631;1431045;5601;171530;52;197;0;0;0;0;0;0;0;;0,75;1,50;0,75;0,00;0,00;0,50;13292,00;13393,00;13238,00;0,07;0,13;0,07;;0,75;1,50;1,00;0,00;0,00;0,43;3,25;0,50;0,43;3,63;3,77;1,80;0,81;0,12;0,91;0,94;0,99;0,90;0,86;
3.2.2015 22:30;001,4;000,0;;;;;19632;1431045;5601;171530;52;197;0;0;0;0;0;0;0;;0,75;1,50;0,75;0,00;0,00;0,50;13300,00;13404,00;13241,00;0,07;0,13;0,07;;0,75;1,50;1,00;0,00;0,00;0,43;3,25;0,50;0,43;3,63;3,77;1,80;0,81;0,12;0,91;0,94;0,99;0,89;0,86;
3.2.2015 22:45;001,4;000,0;;;;;19632;1431045;5601;171530;52;197;0;0;0;0;0;0;0;;1,00;2,00;1,00;-0,50;0,00;0,50;13303,00;13392,00;13240,00;0,10;0,16;0,09;;1,25;2,00;1,00;0,56;0,00;nan;4,25;-0,00;nan;4,73;4,90;NaN;1,06;-0,00;1,18;1,22;1,00;0,90;0,87;
3.2.2015 23:00;001,7;000,0;;;;;19633;1431045;5601;171530;52;197;0;0;0;0;0;0;0;;0,75;2,00;0,75;-0,50;0,00;0,50;13325,00;13425,00;13266,00;0,08;0,16;0,09;;1,00;2,00;1,00;0,43;0,00;0,43;3,75;0,00;0,87;4,34;4,53;2,39;0,94;0,00;1,09;1,13;1,00;0,86;0,83;
3.2.2015 23:15;001,3;000,0;;;;;19633;1431045;5601;171530;52;197;0;0;0;0;0;0;0;;0,75;1,50;0,75;0,00;0,00;0,50;13336,00;13438,00;13281,00;0,07;0,13;0,08;;0,75;1,50;1,00;0,00;0,00;0,43;3,25;0,50;0,43;3,68;3,81;1,88;0,81;0,12;0,92;0,95;0,99;0,88;0,85;
3.2.2015 23:30;001,9;000,0;;;;;19633;1431045;5601;171530;52;197;0;0;0;0;0;0;0;;1,25;2,00;1,00;-0,50;0,00;0,50;13343,00;13446,00;13283,00;0,10;0,16;0,09;;1,25;2,00;1,00;nan;0,00;nan;4,25;-0,00;nan;4,75;4,91;NaN;1,06;-0,00;1,19;1,23;1,00;0,90;0,87;
3.2.2015 23:45;001,7;000,0;;;;;19634;1431045;5601;171530;52;197;0;0;0;0;0;0;0;;1,50;1,75;1,00;0,00;0,00;0,00;13370,00;13466,00;13312,00;0,12;0,14;0,08;;1,50;1,75;1,00;0,00;0,00;0,00;4,25;0,00;0,00;4,55;4,67;1,92;1,06;0,00;1,14;1,17;1,00;0,93;0,91;
4.2.2015 00:00;001,7;000,0;;;;;19634;1431045;5601;171530;52;197;0;0;0;0;0;0;0;;0,75;1,50;0,75;0,00;0,00;0,50;13404,00;13502,00;13345,00;0,07;0,13;0,08;;0,75;1,75;1,00;0,00;0,90;0,43;3,25;0,50;1,33;3,69;3,83;1,44;0,81;0,12;0,92;0,96;0,99;0,88;0,85;
4.2.2015 00:15;001,5;000,0;;;;;19635;1431045;5601;171530;52;197;0;0;0;0;0;0;0;;1,25;2,00;1,00;-0,50;0,00;0,50;13375,00;13480,00;13324,00;0,10;0,16;0,09;;1,25;2,00;1,00;nan;0,00;nan;4,25;-0,00;nan;4,79;4,95;NaN;1,06;-0,00;1,20;1,24;1,00;0,89;0,86;
4.2.2015 00:30;001,7;000,0;;;;;19635;1431045;5601;171530;52;197;0;0;0;0;0;0;0;;1,00;1,75;0,75;0,00;0,00;0,00;13352,00;13450,00;13301,00;0,09;0,14;0,08;;1,25;1,75;1,00;0,75;0,00;0,66;3,75;0,00;1,41;4,08;4,19;1,23;0,94;0,00;1,02;1,05;1,00;0,92;0,89;
4.2.2015 00:45;001,4;000,0;;;;;19635;1431045;5601;171530;52;197;0;0;0;0;0;0;0;;0,75;2,00;0,75;-0,50;0,00;0,50;13329,00;13423,00;13275,00;0,08;0,16;0,09;;1,00;2,00;1,00;0,43;0,00;0,43;3,75;0,00;0,87;4,34;4,53;2,40;0,94;0,00;1,09;1,13;1,00;0,86;0,83;
4.2.2015 01:00;001,5;000,0;;;;;19636;1431045;5601;171530;52;197;0;0;0;0;0;0;0;;1,00;1,75;0,75;0,00;0,00;0,00;13308,00;13406,00;13253,00;0,09;0,14;0,08;;1,25;1,75;1,00;0,75;0,00;0,66;3,75;0,00;1,41;4,07;4,18;1,18;0,94;0,00;1,02;1,04;1,00;0,92;0,90;
4.2.2015 01:15;000,8;000,0;;;;;19636;1431045;5601;171530;52;197;0;0;0;0;0;0;0;;0,25;0,25;0,50;0,00;0,00;0,00;13331,00;13427,00;13276,00;0,04;0,02;0,04;;0,25;0,25;0,50;0,00;0,00;0,00;1,00;0,00;0,00;1,30;1,33;0,88;0,25;0,00;0,32;0,33;1,00;0,77;0,75;
4.2.2015 01:30;001,0;000,0;;;;;19636;1431045;5601;171530;52;197;0;0;0;0;0;0;0;;0,75;0,75;0,50;0,00;0,00;0,00;13317,00;13421,00;13265,00;0,07;0,06;0,05;;0,75;0,75;0,50;0,00;0,00;0,00;2,25;0,00;0,00;2,37;2,38;0,78;0,56;0,00;0,59;0,59;1,00;0,95;0,95;
4.2.2015 01:45;001,2;000,0;;;;;19636;1431045;5601;171530;52;197;0;0;0;0;0;0;0;;0,75;0,75;0,50;0,00;0,00;0,00;13344,00;13437,00;13290,00;0,07;0,06;0,05;;0,75;0,75;0,50;0,00;0,00;0,00;2,25;0,00;0,00;2,37;2,38;0,79;0,56;0,00;0,59;0,60;1,00;0,95;0,94;
4.2.2015 02:00;001,3;000,0;;;;;19637;1431045;5601;171530;52;197;0;0;0;0;0;0;0;;1,25;0,75;0,75;0,00;0,00;0,00;13338,00;13438,00;13290,00;0,09;0,07;0,06;;1,25;0,75;0,75;0,00;0,00;0,00;2,75;0,00;0,00;2,94;2,99;1,17;0,69;0,00;0,73;0,75;1,00;0,94;0,92;
4.2.2015 02:15;001,3;000,0;;;;;19637;1431045;5601;171530;52;197;0;0;0;0;0;0;0;;0,75;0,75;0,50;0,00;0,00;0,00;13350,00;13453,00;13303,00;0,07;0,06;0,05;;0,75;0,75;0,50;0,00;0,00;0,00;2,25;0,00;0,00;2,37;2,39;0,79;0,56;0,00;0,59;0,60;1,00;0,95;0,94;
4.2.2015 02:30;001,4;000,0;;;;;19637;1431045;5601;171530;52;197;0;0;0;0;0;0;0;;1,25;0,75;0,75;0,00;0,00;0,00;13349,00;13441,00;13297,00;0,09;0,07;0,06;;1,25;0,75;0,75;0,00;0,00;0,00;2,75;0,00;0,00;2,94;2,99;1,18;0,69;0,00;0,73;0,75;1,00;0,94;0,92;
4.2.2015 02:45;001,1;000,0;;;;;19638;1431045;5601;171530;52;197;0;0;0;0;0;0;0;;1,00;1,75;0,75;0,00;0,00;0,00;13323,00;13420,00;13275,00;0,09;0,14;0,08;;1,25;1,75;1,00;0,75;0,00;0,66;3,75;0,00;1,41;4,14;4,26;1,44;0,94;0,00;1,03;1,06;1,00;0,91;0,88;
4.2.2015 03:00;001,2;000,0;;;;;19638;1431045;5601;171530;52;197;0;0;0;0;0;0;0;;1,00;0,25;0,50;0,00;0,00;0,00;13323,00;13415,00;13269,00;0,09;0,04;0,06;;1,00;0,50;0,75;0,00;0,43;0,56;2,25;0,00;0,99;2,53;2,64;0,96;0,56;0,00;0,63;0,66;1,00;0,89;0,85;
4.2.2015 03:15;001,4;000,0;;;;;19638;1431045;5601;171530;52;197;0;0;0;0;0;0;0;;1,25;2,00;1,00;-0,50;0,00;0,50;13339,00;13426,00;13287,00;0,10;0,16;0,09;;1,25;2,00;1,00;nan;0,00;nan;4,25;-0,00;nan;4,74;4,91;NaN;1,06;-0,00;1,19;1,23;1,00;0,90;0,87;
4.2.2015 03:30;001,2;000,0;;;;;19639;1431045;5601;171530;52;197;0;0;0;0;0;0;0;;1,50;2,25;1,00;-0,50;0,00;0,00;13351,00;13439,00;13299,00;0,13;0,17;0,09;;1,50;2,25;1,00;nan;0,00;0,00;5,00;-0,50;nan;5,25;5,42;NaN;1,25;-0,12;1,31;1,35;1,00;0,95;0,92;
4.2.2015 03:45;001,6;000,0;;;;;19639;1431045;5601;171530;52;197;0;0;0;0;0;0;0;;1,50;1,75;1,00;0,00;0,00;0,00;13324,00;13421,00;13272,00;0,12;0,14;0,08;;1,50;1,75;1,00;0,00;0,00;0,00;4,25;0,00;0,00;4,54;4,65;1,89;1,06;0,00;1,13;1,16;1,00;0,94;0,91;
4.2.2015 04:00;001,3;000,0;;;;;19639;1431045;5601;171530;52;197;0;0;0;0;0;0;0;;1,00;1,75;0,75;0,00;0,00;0,00;13332,00;13430,00;13283,00;0,09;0,14;0,08;;1,25;1,75;1,00;0,75;0,00;0,66;3,75;0,00;1,41;4,08;4,19;1,21;0,94;0,00;1,02;1,05;1,00;0,92;0,90;
4.2.2015 04:15;001,3;000,0;;;;;19640;1431045;5601;171530;52;197;0;0;0;0;0;0;0;;1,00;0,25;0,50;0,00;0,00;0,00;13299,00;13409,00;13249,00;0,09;0,04;0,06;;1,00;0,50;0,75;0,00;0,43;0,56;2,25;0,00;0,99;2,49;2,62;0,89;0,56;0,00;0,62;0,65;1,00;0,90;0,86;
4.2.2015 04:30;001,4;000,0;;;;;19640;1431045;5601;171530;52;197;0;0;0;0;0;0;0;;0,75;0,25;0,50;0,00;0,00;0,00;13300,00;13387,00;13243,00;0,06;0,03;0,05;;0,75;0,25;0,50;0,00;0,00;0,00;1,75;0,00;0,00;1,83;1,89;0,73;0,44;0,00;0,46;0,47;1,00;0,96;0,92;
4.2.2015 04:45;001,2;000,0;;;;;19640;1431045;5601;171530;52;197;0;0;0;0;0;0;0;;0,50;0,25;0,50;0,00;0,00;0,00;13311,00;13417,00;13259,00;0,04;0,02;0,04;;0,50;0,25;0,50;0,00;0,00;0,00;1,25;0,00;0,00;1,40;1,43;0,69;0,31;0,00;0,35;0,36;1,00;0,89;0,88;
4.2.2015 05:00;001,2;000,0;;;;;19641;1431045;5601;171530;52;197;0;0;0;0;0;0;0;;1,00;1,75;0,75;0,00;0,00;0,00;13307,00;13395,00;13244,00;0,09;0,14;0,08;;1,25;1,75;1,00;0,75;0,00;0,66;3,75;0,00;1,41;4,07;4,18;1,18;0,94;0,00;1,02;1,04;1,00;0,92;0,90;
4.2.2015 05:15;001,2;000,0;;;;;19641;1431045;5601;171530;52;197;0;0;0;0;0;0;0;;0,75;1,50;0,75;0,00;0,00;0,50;13277,00;13378,00;13223,00;0,07;0,13;0,07;;0,75;1,50;1,00;0,00;0,00;0,43;3,25;0,50;0,43;3,63;3,77;1,79;0,81;0,12;0,91;0,94;0,99;0,90;0,86;
4.2.2015 05:30;001,1;000,0;;;;;19641;1431045;5601;171530;52;197;0;0;0;0;0;0;0;;1,00;1,75;0,75;0,00;0,00;0,00;13261,00;13361,00;13196,00;0,09;0,14;0,07;;1,25;1,75;1,00;0,75;0,00;0,66;3,75;0,00;1,41;4,02;4,14;1,04;0,94;0,00;1,01;1,03;1,00;0,93;0,91;
4.2.2015 05:45;001,2;000,0;;;;;19642;1431045;5601;171530;52;197;0;0;0;0;0;0;0;;0,25;0,25;0,25;0,00;0,00;0,00;13244,00;13336,00;13177,00;0,04;0,02;0,04;;0,25;0,25;0,50;0,00;0,00;0,43;1,00;0,00;0,43;1,26;1,29;0,68;0,25;0,00;0,31;0,32;1,00;0,80;0,78;
4.2.2015 06:00;001,1;000,0;;;;;19642;1431045;5601;171530;52;197;0;0;0;0;0;0;0;;0,75;0,75;0,50;0,00;0,00;0,00;13242,00;13340,00;13185,00;0,06;0,06;0,05;;0,75;0,75;0,50;0,00;0,00;0,00;2,25;0,00;0,00;2,32;2,33;0,60;0,56;0,00;0,58;0,58;1,00;0,97;0,97;
4.2.2015 06:15;001,4;000,0;;;;;19642;1431045;5601;171530;52;197;0;0;0;0;0;0;0;;1,00;2,00;0,75;-0,50;0,00;0,00;13104,00;13194,00;13029,00;0,10;0,16;0,09;;1,25;2,00;1,00;0,56;0,00;0,66;4,25;-0,50;1,22;4,59;4,75;1,67;1,06;-0,12;1,15;1,19;0,99;0,93;0,89;
4.2.2015 06:30;001,4;000,0;;;;;19643;1431045;5601;171530;52;197;0;0;0;0;0;0;0;;1,00;0,75;0,50;0,00;0,00;0,00;13097,00;13181,00;13033,00;0,09;0,06;0,06;;1,00;0,75;0,75;0,00;0,00;0,56;2,75;0,00;0,56;2,85;2,90;0,75;0,69;0,00;0,71;0,73;1,00;0,96;0,95;
4.2.2015 06:45;001,5;000,0;;;;;19643;1431045;5601;171530;52;197;0;0;0;0;0;0;0;;1,00;0,25;0,50;0,00;0,00;0,00;13095,00;13162,00;13019,00;0,09;0,04;0,06;;1,00;0,50;0,75;0,00;0,43;0,56;2,00;0,00;0,99;2,39;2,51;1,14;0,50;0,00;0,60;0,63;1,00;0,84;0,80;
4.2.2015 07:00;001,5;000,0;;;;;19643;1431045;5601;171530;52;197;0;0;0;0;0;0;0;;1,00;2,00;0,75;-0,50;0,00;0,00;13118,00;13201,00;13045,00;0,10;0,16;0,09;;1,25;2,00;1,00;0,56;0,00;0,66;4,25;-0,50;1,22;4,60;4,76;1,69;1,06;-0,12;1,15;1,19;0,99;0,92;0,89;
4.2.2015 07:15;001,5;000,0;;;;;19644;1431045;5601;171530;52;197;0;0;0;0;0;0;0;;1,00;0,25;0,50;0,00;0,00;0,00;13123,00;13200,00;13048,00;0,09;0,04;0,06;;1,00;0,50;0,75;0,00;0,43;0,56;2,25;0,00;0,99;2,39;2,51;0,52;0,56;0,00;0,60;0,63;1,00;0,94;0,90;
4.2.2015 07:30;001,3;000,0;;;;;19644;1431045;5601;171530;52;197;0;0;0;0;0;0;0;;0,75;0,25;0,50;0,00;0,00;0,00;13119,00;13209,00;13051,00;0,06;0,03;0,05;;0,75;0,25;0,50;0,00;0,00;0,00;1,50;0,00;0,00;1,77;1,83;1,04;0,38;0,00;0,44;0,46;1,00;0,85;0,82;
4.2.2015 07:45;001,3;000,0;;;;;19644;1431045;5601;171530;52;197;0;0;0;0;0;0;0;;1,00;0,75;0,75;0,00;0,00;0,00;13093,00;13185,00;13023,00;0,09;0,06;0,06;;1,00;0,75;0,75;0,00;0,00;0,00;2,75;0,00;0,00;2,85;2,90;0,93;0,69;0,00;0,71;0,73;1,00;0,97;0,95;
4.2.2015 08:00;001,7;000,0;;;;;19645;1431045;5602;171530;52;197;0;0;0;0;0;0;0;;1,25;1,75;0,75;0,00;0,00;0,00;13098,00;13200,00;13027,00;0,12;0,14;0,08;;1,50;1,75;1,00;0,83;0,00;0,66;4,25;0,00;1,49;4,40;4,51;0,18;1,06;0,00;1,10;1,13;1,00;0,97;0,94;
4.2.2015 08:15;001,4;000,0;;;;;19645;1431045;5602;171530;52;197;0;0;0;0;0;0;0;;0,75;1,25;0,75;7,00;7,25;7,50;13045,00;13150,00;12973,00;0,55;0,57;0,60;;7,00;7,50;7,75;nan;1,46;1,80;3,25;22,00;nan;22,45;22,47;NaN;0,81;5,50;5,61;5,62;0,88;0,14;0,14;
4.2.2015 08:30;001,3;000,0;;;;;19645;1431045;5604;171530;52;197;0;0;0;0;0;0;0;;1,00;1,25;0,75;6,75;7,00;7,25;13078,00;13177,00;13009,00;0,54;0,56;0,57;;7,00;7,25;7,25;1,56;1,41;nan;3,00;21,25;nan;21,86;21,86;NaN;0,75;5,31;5,46;5,47;0,70;0,14;0,14;
4.2.2015 08:45;000,9;000,0;;;;;19646;1431045;5605;171530;52;197;0;0;0;0;0;0;0;;0,25;0,75;0,00;0,00;0,75;1,00;13037,00;13133,00;12961,00;0,06;0,11;0,10;;0,75;1,25;1,25;0,71;0,66;0,75;1,25;2,00;2,12;3,62;3,72;1,94;0,31;0,50;0,91;0,93;-0,03;0,35;0,34;
4.2.2015 09:00;000,2;000,1;;;;;19646;1431045;5606;171530;52;197;0;0;0;0;0;0;0;;-0,25;0,25;0,00;0,00;0,75;1,00;13054,00;13156,00;12986,00;0,07;0,09;0,12;;0,75;1,00;1,25;0,71;0,61;0,75;0,00;1,75;2,07;3,59;3,66;2,47;0,00;0,44;0,90;0,92;nan;0,00;0,00;
4.2.2015 09:15;000,0;000,3;;;;;19646;1431045;5606;171530;52;197;0;0;0;0;0;0;0;;-0,50;0,00;-0,75;0,00;0,75;1,00;13008,00;13102,00;12934,00;0,07;0,09;0,12;;0,75;1,00;1,50;0,56;0,66;0,83;-1,25;2,00;2,05;3,67;3,75;2,07;-0,31;0,50;0,92;0,94;-0,03;-0,34;-0,33;
4.2.2015 09:30;000,2;000,2;;;;;19646;1431045;5606;171530;52;197;0;0;0;0;0;0;0;;0,00;0,75;0,00;0,00;0,75;1,00;12996,00;13096,00;12925,00;0,07;0,12;0,12;;0,00;1,50;1,25;0,00;1,06;0,75;0,75;1,75;1,81;3,97;4,03;3,06;0,19;0,44;0,99;1,01;-0,69;0,19;0,19;
4.2.2015 09:45;000,4;000,1;;;;;19646;1431045;5606;171530;52;197;0;0;0;0;0;0;0;;-0,50;0,00;-0,50;0,00;0,75;1,00;13011,00;13099,00;12942,00;0,08;0,08;0,11;;1,00;1,00;1,25;0,87;0,66;0,56;-1,00;1,75;2,09;3,51;3,57;2,08;-0,25;0,44;0,88;0,89;-0,18;-0,28;-0,28;
4.2.2015 10:00;000,1;000,1;;;;;19646;1431045;5606;171530;52;197;0;0;0;0;0;0;0;;0,00;0,50;0,00;0,00;0,75;1,00;12991,00;13083,00;12918,00;0,07;0,10;0,12;;0,00;1,25;1,50;0,00;0,87;1,12;0,50;1,75;1,98;3,74;3,80;2,68;0,12;0,44;0,93;0,95;-0,94;0,13;0,13;
4.2.2015 10:15;000,1;000,1;;;;;19646;1431045;5606;171530;52;197;0;0;0;0;0;0;0;;0,00;0,25;0,00;0,00;0,75;1,00;12984,00;13071,00;12911,00;0,07;0,10;0,10;;0,00;1,25;1,25;0,00;0,97;0,75;0,25;1,75;1,72;3,64;3,69;2,75;0,06;0,44;0,91;0,92;0,75;0,07;0,07;
4.2.2015 10:30;000,0;000,3;;;;;19646;1431045;5606;171530;52;197;0;0;0;0;0;0;0;;-0,25;0,00;-0,25;0,00;0,75;1,00;13007,00;13094,00;12942,00;0,08;0,09;0,12;;1,00;1,00;1,50;0,97;0,66;1,09;-0,75;1,75;2,72;3,64;3,70;1,63;-0,19;0,44;0,91;0,92;-0,69;-0,21;-0,20;
4.2.2015 10:45;000,0;000,4;;;;;19646;1431046;5606;171531;52;197;0;0;0;0;0;0;0;;-0,50;0,00;-0,25;0,00;0,75;1,00;13002,00;13093,00;12939,00;0,08;0,09;0,12;;1,00;1,00;1,50;0,87;0,66;1,09;-0,75;1,75;2,62;3,67;3,73;1,86;-0,19;0,44;0,92;0,93;-0,69;-0,20;-0,20;
4.2.2015 11:00;000,0;000,9;;;;;19646;1431046;5606;171531;52;197;0;0;0;0;0;0;0;;-0,75;-1,25;-0,75;1,00;0,75;0,50;12997,00;13094,00;12931,00;0,12;0,14;0,11;;1,50;1,75;1,25;0,83;0,97;0,87;-3,25;2,25;2,66;4,88;4,89;1,11;-0,81;0,56;1,22;1,22;0,77;-0,67;-0,66;
4.2.2015 11:15;000,0;000,9;;;;;19646;1431046;5606;171531;52;197;0;0;0;0;0;0;0;;-1,00;-0,25;-0,75;0,00;0,75;1,00;13004,00;13092,00;12937,00;0,10;0,09;0,13;;1,25;1,00;1,50;0,75;0,61;0,83;-2,25;2,00;2,19;4,23;4,28;2,12;-0,56;0,50;1,06;1,07;0,63;-0,53;-0,53;
4.2.2015 11:30;000,0;001,2;;;;;19646;1431046;5606;171531;52;197;0;0;0;0;0;0;0;;-0,75;-0,25;-1,00;0,00;1,00;1,00;13007,00;13095,00;12937,00;0,09;0,10;0,13;;1,00;1,25;1,50;0,66;0,71;0,50;-2,50;2,00;1,87;4,13;4,19;1,95;-0,62;0,50;1,03;1,05;0,70;-0,61;-0,60;
4.2.2015 11:45;000,0;001,2;;;;;19646;1431047;5606;171532;52;197;0;0;0;0;0;0;0;;-1,25;-1,50;-1,00;1,00;0,50;0,50;12980,00;13084,00;12924,00;0,14;0,14;0,12;;1,75;1,75;1,50;0,71;0,75;1,00;-4,00;2,25;2,46;5,17;5,18;NaN;-1,00;0,56;1,29;1,30;0,85;-0,77;-0,77;
4.2.2015 12:00;000,0;001,3;;;;;19646;1431047;5606;171532;52;197;0;0;0;0;0;0;0;;-1,75;-2,00;-1,50;1,00;0,75;0,50;13050,00;13145,00;12984,00;0,16;0,17;0,15;;2,00;2,25;1,75;nan;0,71;0,75;-5,50;2,50;nan;6,37;6,38;NaN;-1,38;0,62;1,59;1,59;0,90;-0,86;-0,86;
4.2.2015 12:15;000,0;002,0;;;;;19646;1431047;5606;171532;52;197;0;0;0;0;0;0;0;;-2,00;-2,50;-2,00;1,00;0,75;0,50;13059,00;13155,00;12997,00;0,19;0,21;0,18;;2,50;2,50;2,25;1,12;nan;0,90;-6,75;2,50;nan;7,55;7,56;NaN;-1,69;0,62;1,89;1,89;0,93;-0,89;-0,89;
4.2.2015 12:30;000,0;002,6;;;;;19646;1431048;5606;171532;52;197;0;0;0;0;0;0;0;;-2,50;-2,75;-2,50;1,00;0,75;0,50;13045,00;13132,00;12970,00;0,22;0,23;0,21;;2,75;3,00;2,50;0,56;0,94;nan;-7,75;2,50;nan;8,58;8,59;NaN;-1,94;0,62;2,15;2,15;0,95;-0,90;-0,90;
4.2.2015 12:45;000,0;002,4;;;;;19646;1431049;5606;171532;52;197;0;0;0;0;0;0;0;;-2,25;-1,50;-2,25;0,00;0,75;1,25;13062,00;13153,00;12994,00;0,19;0,15;0,22;;2,50;2,00;2,75;1,09;1,09;0,97;-6,25;2,00;3,15;7,31;7,39;1,28;-1,56;0,50;1,83;1,85;0,95;-0,85;-0,85;
4.2.2015 13:00;000,0;003,0;;;;;19646;1431049;5606;171533;52;197;0;0;0;0;0;0;0;;-2,25;-2,50;-2,25;1,00;0,75;0,50;13141,00;13238,00;13085,00;0,20;0,22;0,19;;2,50;2,75;2,50;0,43;0,87;0,97;-7,25;2,50;2,27;7,99;8,00;0,27;-1,81;0,62;2,00;2,00;0,94;-0,91;-0,91;
4.2.2015 13:15;000,0;002,3;;;;;19646;1431050;5606;171533;52;197;0;0;0;0;0;0;0;;-2,25;-1,50;-2,00;0,00;0,50;1,25;13058,00;13174,00;13015,00;0,20;0,14;0,21;;2,50;1,75;2,50;1,09;0,75;0,83;-6,25;2,00;2,67;7,19;7,29;1,71;-1,56;0,50;1,80;1,82;0,95;-0,87;-0,86;
4.2.2015 13:30;000,0;002,9;;;;;19646;1431051;5606;171533;52;197;0;0;0;0;0;0;0;;-3,00;-3,00;-2,50;1,00;0,50;0,75;12890,00;13019,00;12862,00;0,26;0,25;0,22;;3,25;3,25;2,75;0,75;1,15;0,87;-8,50;2,50;2,76;9,37;9,39;1,43;-2,12;0,62;2,34;2,35;0,96;-0,91;-0,91;
4.2.2015 13:45;000,0;005,8;;;;;19646;1431052;5606;171534;52;197;0;0;0;0;0;0;0;;-6,25;-6,75;-6,00;1,25;0,50;0,75;12931,00;13062,00;12904,00;0,51;0,53;0,49;;6,50;6,75;6,25;1,27;nan;1,58;-19,25;2,75;nan;19,78;19,78;NaN;-4,81;0,69;4,94;4,95;0,99;-0,97;-0,97;
4.2.2015 14:00;000,0;008,3;;;;;19646;1431054;5606;171534;52;197;0;0;0;0;0;0;0;;-7,00;-6,25;-6,75;0,75;0,75;1,25;13082,00;13199,00;13050,00;0,54;0,49;0,54;;7,00;6,25;7,00;nan;nan;1,37;-20,00;3,00;nan;20,58;20,60;NaN;-5,00;0,75;5,14;5,15;0,99;-0,97;-0,97;
4.2.2015 14:15;000,0;010,3;;;;;19646;1431057;5606;171534;52;197;0;0;0;0;0;0;0;;-11,25;-11,75;-11,25;1,50;1,00;0,75;13131,00;13251,00;13088,00;0,88;0,90;0,87;;11,50;11,75;11,25;1,85;nan;nan;-34,50;3,50;nan;34,83;34,84;NaN;-8,62;0,88;8,71;8,71;0,99;-0,99;-0,99;
4.2.2015 14:30;000,0;014,0;;;;;19646;1431060;5606;171535;52;197;0;0;0;0;0;0;0;;-6,25;-5,75;-6,25;0,75;0,75;1,25;13143,00;13256,00;13103,00;0,50;0,45;0,50;;6,50;6,00;6,50;1,62;1,54;1,27;-18,50;3,00;4,44;19,06;19,08;NaN;-4,62;0,75;4,76;4,77;0,99;-0,97;-0,97;
4.2.2015 14:45;000,0;005,7;;;;;19646;1431062;5606;171535;52;197;0;0;0;0;0;0;0;;-4,75;-5,00;-4,50;1,00;0,75;0,50;13111,00;13214,00;13057,00;0,38;0,40;0,37;;4,75;5,25;4,75;nan;1,41;1,44;-14,50;2,75;nan;15,10;15,10;NaN;-3,62;0,69;3,77;3,78;0,98;-0,96;-0,96;
4.2.2015 15:00;000,0;003,1;;;;;19646;1431062;5606;171535;52;197;0;0;0;0;0;0;0;;-1,75;-0,75;-1,50;0,00;0,75;1,25;13111,00;13216,00;13052,00;0,14;0,11;0,17;;1,75;1,25;2,00;0,00;0,66;0,43;-4,25;2,00;1,09;5,54;5,64;2,92;-1,06;0,50;1,39;1,41;0,89;-0,77;-0,75;
4.2.2015 15:15;000,0;002,3;;;;;19646;1431063;5606;171535;52;197;0;0;0;0;0;0;0;;-1,75;-1,00;-1,50;0,50;0,75;1,25;13118,00;13225,00;13064,00;0,15;0,10;0,16;;1,75;1,25;2,00;nan;0,00;0,43;-4,25;2,50;nan;5,48;5,57;NaN;-1,06;0,62;1,37;1,39;0,83;-0,78;-0,76;
4.2.2015 15:30;000,2;000,2;;;;;19646;1431063;5606;171535;52;197;0;0;0;0;0;0;0;;-0,25;0,25;0,00;0,00;0,50;1,00;13132,00;13241,00;13083,00;0,07;0,09;0,11;;0,75;1,00;1,25;0,71;0,83;0,75;0,00;1,75;2,29;3,55;3,62;2,19;0,00;0,44;0,89;0,90;nan;0,00;0,00;
4.2.2015 15:45;000,0;000,3;;;;;19646;1431063;5606;171536;52;197;0;0;0;0;0;0;0;;-1,00;-1,25;-0,75;1,00;0,50;0,50;13110,00;13225,00;13058,00;0,12;0,12;0,10;;1,50;1,50;1,25;0,50;0,66;0,87;-3,00;2,25;2,03;4,53;4,55;1,59;-0,75;0,56;1,13;1,14;0,73;-0,66;-0,66;
4.2.2015 16:00;000,0;001,4;;;;;19646;1431064;5606;171536;52;197;0;0;0;0;0;0;0;;-1,50;-1,75;-1,25;1,00;0,50;0,50;13137,00;13246,00;13077,00;0,15;0,16;0,13;;2,00;2,00;1,75;0,87;0,83;1,12;-4,75;2,50;2,81;5,82;5,84;NaN;-1,19;0,62;1,46;1,46;0,86;-0,82;-0,81;
4.2.2015 16:15;000,0;000,9;;;;;19646;1431064;5606;171536;52;197;0;0;0;0;0;0;0;;-0,50;-0,75;-0,25;1,00;0,50;0,50;13111,00;13224,00;13058,00;0,11;0,11;0,09;;1,25;1,25;1,00;0,56;0,87;0,83;-1,75;2,25;2,25;4,01;4,02;1,71;-0,44;0,56;1,00;1,00;0,28;-0,44;-0,44;
4.2.2015 16:30;000,2;000,3;;;;;19646;1431064;5606;171536;52;197;0;0;0;0;0;0;0;;0,25;1,00;0,50;0,00;0,50;1,00;13128,00;13240,00;13074,00;0,09;0,14;0,13;;1,00;1,75;1,50;0,97;1,35;1,00;2,00;1,75;3,31;4,64;4,71;2,03;0,50;0,44;1,16;1,18;0,64;0,43;0,42;
4.2.2015 16:45;001,2;000,0;;;;;19646;1431064;5607;171536;52;197;0;0;0;0;0;0;0;;0,75;1,50;0,75;0,00;0,00;0,00;13123,00;13226,00;13054,00;0,07;0,12;0,07;;0,75;1,50;0,75;0,00;0,00;0,00;3,25;0,00;0,00;3,52;3,65;1,67;0,81;0,00;0,88;0,91;1,00;0,92;0,89;
4.2.2015 17:00;001,3;000,0;;;;;19647;1431064;5607;171536;52;197;0;0;0;0;0;0;0;;0,75;2,00;0,75;-0,50;0,00;0,50;13112,00;13221,00;13055,00;0,08;0,15;0,09;;1,00;2,00;1,00;0,43;0,00;0,43;3,75;-0,00;0,87;4,21;4,39;2,11;0,94;-0,00;1,05;1,10;1,00;0,89;0,85;
4.2.2015 17:15;001,5;000,0;;;;;19647;1431064;5607;171536;52;197;0;0;0;0;0;0;0;;0,75;2,00;0,75;-0,50;0,00;0,50;13064,00;13164,00;12997,00;0,08;0,15;0,09;;1,00;2,00;1,00;0,43;0,00;0,43;3,75;-0,00;0,87;4,19;4,37;2,08;0,94;-0,00;1,05;1,09;1,00;0,89;0,86;
4.2.2015 17:30;001,5;000,0;;;;;19647;1431064;5607;171536;52;197;0;0;0;0;0;0;0;;0,75;2,00;0,75;-0,50;0,00;0,50;13079,00;13189,00;13020,00;0,08;0,15;0,08;;1,00;2,00;1,00;0,43;0,00;0,43;3,75;-0,00;0,87;4,16;4,36;2,04;0,94;-0,00;1,04;1,09;1,00;0,90;0,86;
4.2.2015 17:45;001,5;000,0;;;;;19648;1431064;5607;171536;52;197;0;0;0;0;0;0;0;;1,00;1,75;0,75;-0,50;0,00;0,00;13096,00;13197,00;13032,00;0,09;0,13;0,07;;1,00;1,75;0,75;nan;0,00;0,00;3,75;-0,50;nan;3,90;4,02;NaN;0,94;-0,12;0,98;1,01;0,99;0,96;0,93;
4.2.2015 18:00;001,5;000,0;;;;;19648;1431064;5607;171536;52;197;0;0;0;0;0;0;0;;0,75;2,00;0,75;-0,50;0,00;0,50;13131,00;13250,00;13073,00;0,08;0,15;0,09;;1,00;2,00;1,00;0,43;0,00;0,43;3,75;-0,00;0,87;4,22;4,40;2,13;0,94;-0,00;1,05;1,10;1,00;0,89;0,85;
4.2.2015 18:15;001,6;000,0;;;;;19649;1431064;5607;171536;52;197;0;0;0;0;0;0;0;;1,00;2,00;0,75;-0,50;0,00;0,00;13119,00;13235,00;13061,00;0,10;0,16;0,09;;1,25;2,00;1,00;0,56;0,00;0,66;4,25;-0,50;1,22;4,61;4,77;1,70;1,06;-0,12;1,15;1,19;0,99;0,92;0,89;
4.2.2015 18:30;001,8;000,0;;;;;19649;1431064;5607;171536;52;197;0;0;0;0;0;0;0;;1,00;2,00;0,75;-0,50;0,00;0,00;13113,00;13221,00;13050,00;0,10;0,16;0,09;;1,25;2,00;1,00;0,56;0,00;0,66;4,25;-0,50;1,22;4,60;4,76;1,69;1,06;-0,12;1,15;1,19;0,99;0,92;0,89;
4.2.2015 18:45;001,6;000,0;;;;;19649;1431064;5607;171536;52;197;0;0;0;0;0;0;0;;1,00;1,75;0,75;-0,50;0,00;0,00;13103,00;13208,00;13042,00;0,09;0,13;0,07;;1,00;1,75;0,75;nan;0,00;0,00;3,75;-0,50;nan;3,91;4,02;NaN;0,94;-0,12;0,98;1,01;0,99;0,96;0,93;
4.2.2015 19:00;001,6;000,0;;;;;19650;1431064;5607;171536;52;197;0;0;0;0;0;0;0;;1,00;1,75;0,75;0,00;0,00;0,00;13136,00;13235,00;13074,00;0,09;0,13;0,07;;1,00;1,75;0,75;0,00;0,00;0,00;3,75;0,00;0,00;3,95;4,06;1,55;0,94;0,00;0,99;1,01;1,00;0,95;0,92;
4.2.2015 19:15;001,6;000,0;;;;;19650;1431064;5607;171536;52;197;0;0;0;0;0;0;0;;1,00;2,00;0,75;-0,50;0,00;0,00;13143,00;13248,00;13084,00;0,10;0,16;0,09;;1,25;2,00;1,00;0,56;0,00;0,66;4,25;-0,50;1,22;4,61;4,77;1,72;1,06;-0,12;1,15;1,19;0,99;0,92;0,89;
4.2.2015 19:30;001,5;000,0;;;;;19651;1431064;5607;171536;52;197;0;0;0;0;0;0;0;;0,75;1,50;0,75;0,00;0,00;0,00;13144,00;13256,00;13094,00;0,07;0,12;0,07;;0,75;1,50;0,75;0,00;0,00;0,00;3,25;0,00;0,00;3,53;3,66;1,69;0,81;0,00;0,88;0,92;1,00;0,92;0,89;
4.2.2015 19:45;001,7;000,0;;;;;19651;1431064;5607;171536;52;197;0;0;0;0;0;0;0;;1,50;2,00;1,00;-0,50;0,00;0,00;13157,00;13276,00;13107,00;0,13;0,17;0,09;;1,50;2,00;1,00;nan;0,00;0,00;4,75;-0,50;nan;5,05;5,20;NaN;1,19;-0,12;1,26;1,30;0,99;0,94;0,91;
4.2.2015 20:00;001,9;000,0;;;;;19651;1431064;5607;171536;52;197;0;0;0;0;0;0;0;;1,50;2,00;1,00;-0,50;0,00;0,00;13145,00;13265,00;13095,00;0,13;0,17;0,09;;1,50;2,00;1,00;nan;0,00;0,00;4,75;-0,50;nan;5,04;5,20;NaN;1,19;-0,12;1,26;1,30;0,99;0,94;0,91;
4.2.2015 20:15;001,9;000,0;;;;;19652;1431064;5607;171536;52;198;0;0;0;0;0;0;0;;1,25;1,75;1,00;0,00;0,00;0,00;13183,00;13290,00;13125,00;0,12;0,14;0,08;;1,50;1,75;1,00;0,83;0,00;0,00;4,25;0,00;0,83;4,43;4,54;1,36;1,06;0,00;1,11;1,13;1,00;0,96;0,94;
4.2.2015 20:30;001,7;000,0;;;;;19652;1431064;5607;171536;52;198;0;0;0;0;0;0;0;;1,25;1,75;0,75;0,00;0,00;0,00;13127,00;13226,00;13068,00;0,12;0,14;0,08;;1,50;1,75;1,00;0,83;0,00;0,66;4,25;0,00;1,49;4,41;4,52;0,36;1,06;0,00;1,10;1,13;1,00;0,96;0,94;
4.2.2015 20:45;001,8;000,0;;;;;19653;1431064;5607;171536;52;198;0;0;0;0;0;0;0;;1,25;1,75;0,75;0,00;0,00;0,00;13149,00;13252,00;13088,00;0,12;0,14;0,08;;1,50;1,75;1,00;0,83;0,00;0,66;4,25;0,00;1,49;4,41;4,53;0,45;1,06;0,00;1,10;1,13;1,00;0,96;0,94;
4.2.2015 21:00;001,8;000,0;;;;;19653;1431064;5607;171536;52;198;0;0;0;0;0;0;0;;1,50;2,00;1,00;-0,50;0,00;0,00;13155,00;13271,00;13107,00;0,13;0,17;0,09;;1,50;2,00;1,00;nan;0,00;0,00;4,75;-0,50;nan;5,05;5,20;NaN;1,19;-0,12;1,26;1,30;0,99;0,94;0,91;
4.2.2015 21:15;001,7;000,0;;;;;19654;1431064;5607;171536;52;198;0;0;0;0;0;0;0;;0,75;2,00;0,75;-0,50;0,00;0,50;13184,00;13288,00;13138,00;0,08;0,15;0,09;;1,00;2,00;1,00;0,43;0,00;0,43;3,75;0,00;0,87;4,23;4,42;2,17;0,94;0,00;1,06;1,10;1,00;0,89;0,85;
4.2.2015 21:30;001,6;000,0;;;;;19654;1431064;5607;171536;52;198;0;0;0;0;0;0;0;;1,00;1,75;0,75;0,00;0,00;0,00;13182,00;13289,00;13128,00;0,09;0,13;0,07;;1,00;1,75;0,75;0,00;0,00;0,00;3,75;0,00;0,00;3,96;4,07;1,59;0,94;0,00;0,99;1,02;1,00;0,95;0,92;
4.2.2015 21:45;001,5;000,0;;;;;19654;1431064;5607;171536;52;198;0;0;0;0;0;0;0;;1,00;1,75;0,75;0,00;0,00;0,00;13212,00;13316,00;13155,00;0,09;0,13;0,07;;1,00;1,75;1,00;0,00;0,00;0,66;3,75;0,00;0,66;3,97;4,08;1,47;0,94;0,00;0,99;1,02;1,00;0,94;0,92;
4.2.2015 22:00;001,5;000,0;;;;;19655;1431064;5607;171536;52;198;0;0;0;0;0;0;0;;1,00;1,75;0,75;0,00;0,00;0,00;13215,00;13315,00;13161,00;0,09;0,13;0,07;;1,00;1,75;1,00;0,00;0,00;0,66;3,75;0,00;0,66;3,97;4,08;1,47;0,94;0,00;0,99;1,02;1,00;0,94;0,92;
4.2.2015 22:15;001,6;000,0;;;;;19655;1431064;5607;171536;52;198;0;0;0;0;0;0;0;;1,00;1,75;0,75;0,00;0,00;0,00;13209,00;13309,00;13148,00;0,09;0,13;0,07;;1,00;1,75;1,00;0,00;0,00;0,66;3,75;0,00;0,66;3,97;4,08;1,46;0,94;0,00;0,99;1,02;1,00;0,94;0,92;
4.2.2015 22:30;001,5;000,0;;;;;19656;1431064;5607;171536;52;198;0;0;0;0;0;0;0;;1,00;1,75;0,75;0,00;0,00;0,00;13231,00;13327,00;13160,00;0,09;0,13;0,07;;1,25;1,75;1,00;0,75;0,00;0,66;3,75;0,00;1,41;3,98;4,09;0,80;0,94;0,00;0,99;1,02;1,00;0,94;0,92;
4.2.2015 22:45;001,5;000,0;;;;;19656;1431064;5607;171536;52;198;0;0;0;0;0;0;0;;0,75;1,50;0,75;0,00;0,00;0,00;13224,00;13317,00;13162,00;0,07;0,13;0,07;;0,75;1,50;0,75;0,00;0,00;0,00;3,25;0,00;0,00;3,61;3,75;1,87;0,81;0,00;0,90;0,94;1,00;0,90;0,87;
4.2.2015 23:00;001,4;000,0;;;;;19656;1431064;5607;171536;52;198;0;0;0;0;0;0;0;;1,00;1,75;0,75;0,00;0,00;0,00;13226,00;13326,00;13168,00;0,09;0,13;0,07;;1,00;1,75;1,00;0,00;0,00;0,66;3,75;0,00;0,66;3,98;4,09;1,48;0,94;0,00;0,99;1,02;1,00;0,94;0,92;
4.2.2015 23:15;001,8;000,0;;;;;19657;1431064;5607;171536;52;198;0;0;0;0;0;0;0;;1,50;2,00;1,00;-0,50;0,00;0,00;13266,00;13361,00;13204,00;0,13;0,17;0,09;;1,50;2,25;1,00;nan;1,03;0,00;4,75;-0,50;nan;5,08;5,24;NaN;1,19;-0,12;1,27;1,31;0,99;0,93;0,91;
4.2.2015 23:30;001,8;000,0;;;;;19657;1431064;5607;171536;52;198;0;0;0;0;0;0;0;;1,00;1,75;0,75;0,00;0,00;0,00;13259,00;13343,00;13191,00;0,09;0,13;0,07;;1,25;1,75;1,00;0,75;0,00;0,66;3,75;0,00;1,41;3,98;4,09;0,84;0,94;0,00;1,00;1,02;1,00;0,94;0,92;
4.2.2015 23:45;001,6;000,0;;;;;19658;1431064;5607;171536;52;198;0;0;0;0;0;0;0;;1,00;1,75;0,75;0,00;0,00;0,00;13269,00;13366,00;13212,00;0,09;0,14;0,07;;1,25;1,75;1,00;0,75;0,00;0,66;3,75;0,00;1,41;4,02;4,14;1,05;0,94;0,00;1,01;1,04;1,00;0,93;0,91;
5.2.2015 00:00;001,6;000,0;;;;;19658;1431064;5607;171536;52;198;0;0;0;0;0;0;0;;1,25;1,75;1,00;0,00;0,00;0,00;13274,00;13364,00;13212,00;0,12;0,14;0,08;;1,50;1,75;1,00;0,83;0,00;0,00;4,25;0,00;0,83;4,52;4,63;1,64;1,06;0,00;1,13;1,16;1,00;0,94;0,92;
5.2.2015 00:15;001,6;000,0;;;;;19658;1431064;5607;171536;52;198;0;0;0;0;0;0;0;;1,50;2,25;1,00;-0,50;0,00;0,00;13269,00;13373,00;13214,00;0,13;0,17;0,09;;1,50;2,25;1,00;nan;0,00;0,00;4,75;-0,50;nan;5,15;5,32;NaN;1,19;-0,12;1,29;1,33;0,99;0,92;0,89;
5.2.2015 00:30;002,0;000,0;;;;;19659;1431064;5607;171536;52;198;0;0;0;0;0;0;0;;1,50;2,25;1,00;-0,50;0,00;0,00;13259,00;13362,00;13199,00;0,13;0,17;0,09;;1,50;2,25;1,00;nan;0,00;0,00;4,75;-0,50;nan;5,08;5,24;NaN;1,19;-0,12;1,27;1,31;0,99;0,93;0,91;
5.2.2015 00:45;001,7;000,0;;;;;19659;1431064;5607;171536;52;198;0;0;0;0;0;0;0;;1,25;1,75;1,00;0,00;0,00;0,00;13267,00;13371,00;13211,00;0,12;0,14;0,08;;1,50;1,75;1,00;0,83;0,00;0,00;4,25;0,00;0,83;4,52;4,63;1,64;1,06;0,00;1,13;1,16;1,00;0,94;0,92;
5.2.2015 01:00;001,8;000,0;;;;;19660;1431064;5607;171536;52;198;0;0;0;0;0;0;0;;1,50;1,75;1,00;0,00;0,00;0,00;13287,00;13388,00;13228,00;0,12;0,14;0,08;;1,50;1,75;1,00;0,00;0,00;0,00;4,25;0,00;0,00;4,53;4,64;1,85;1,06;0,00;1,13;1,16;1,00;0,94;0,92;
5.2.2015 01:15;001,8;000,0;;;;;19660;1431064;5607;171536;52;198;0;0;0;0;0;0;0;;1,00;1,75;0,75;0,00;0,00;0,00;13278,00;13371,00;13221,00;0,09;0,14;0,07;;1,25;1,75;1,00;0,75;0,00;0,66;3,75;0,00;1,41;4,02;4,14;1,06;0,94;0,00;1,01;1,04;1,00;0,93;0,90;
5.2.2015 01:30;001,5;000,0;;;;;19661;1431064;5607;171536;52;198;0;0;0;0;0;0;0;;1,00;1,75;0,75;0,00;0,00;0,00;13255,00;13367,00;13206,00;0,09;0,14;0,07;;1,25;1,75;1,00;0,75;0,00;0,66;3,75;0,00;1,41;4,02;4,14;1,04;0,94;0,00;1,01;1,03;1,00;0,93;0,91;
5.2.2015 01:45;001,6;000,0;;;;;19661;1431064;5607;171536;52;198;0;0;0;0;0;0;0;;0,75;2,00;0,75;-0,50;0,00;0,50;13257,00;13368,00;13203,00;0,08;0,16;0,09;;1,00;2,00;1,00;0,43;0,00;0,43;3,75;0,00;0,87;4,32;4,51;2,35;0,94;0,00;1,08;1,13;1,00;0,87;0,83;
5.2.2015 02:00;001,6;000,0;;;;;19661;1431064;5607;171536;52;198;0;0;0;0;0;0;0;;1,00;1,75;0,75;0,00;0,00;0,00;13293,00;13394,00;13235,00;0,09;0,14;0,07;;1,25;1,75;1,00;0,75;0,00;0,66;3,75;0,00;1,41;4,03;4,15;1,08;0,94;0,00;1,01;1,04;1,00;0,93;0,90;
5.2.2015 02:15;001,6;000,0;;;;;19662;1431064;5607;171536;52;198;0;0;0;0;0;0;0;;1,00;1,75;0,75;0,00;0,00;0,00;13302,00;13407,00;13251,00;0,09;0,14;0,08;;1,25;1,75;1,00;0,75;0,00;0,66;3,75;0,00;1,41;4,07;4,18;1,18;0,94;0,00;1,02;1,04;1,00;0,92;0,90;
5.2.2015 02:30;001,5;000,0;;;;;19662;1431064;5607;171536;52;198;0;0;0;0;0;0;0;;1,00;1,75;0,75;0,00;0,00;0,00;13290,00;13395,00;13242,00;0,09;0,14;0,08;;1,25;1,75;1,00;0,75;0,00;0,66;3,75;0,00;1,41;4,06;4,17;1,17;0,94;0,00;1,02;1,04;1,00;0,92;0,90;
5.2.2015 02:45;001,7;000,0;;;;;19663;1431064;5607;171536;52;198;0;0;0;0;0;0;0;;1,00;2,00;1,00;-0,50;0,00;0,50;13288,00;13393,00;13234,00;0,10;0,16;0,09;;1,25;2,00;1,00;0,56;0,00;nan;4,25;-0,00;nan;4,73;4,89;NaN;1,06;-0,00;1,18;1,22;1,00;0,90;0,87;
