Cas;P+;P-;Q1;Q2;Q3;Q4;A+;A-;AQ1;AQ2;AQ3;AQ4;S;AP1;AP2;AP3;D1;D2;D3;;P1;P2;P3;Q1;Q2;Q3;U1;U2;U3;I1;I2;I3;;S1;S2;S3;D1;D2;D3;P;Q;D;Sa;Sr;N;AP++;AQ++;Asa++;Asr++;cosFi;P/Sa;P/Sr
 ;"1.5";"2.5";"5.5";"6.5";"7.5";"8.5";"1.8";"2.8";"5.8";"6.8";"7.8";"8.8";"9.8";"21.8";"41.8";"61.8";"181.5";"182.5";"183.5"
 ;[kW];[kW];[kvar];[kvar];[kvar];[kvar];[kWh];[kWh];[kvarh];[kvarh];[kvarh];[kvarh];[kVAh];[kWh];[kWh];[kWh];[kvar];[kvar];[kvar]; ;[kW];[kW];[kW];[kvar];[kvar];[kvar];[V];[V];[V];[A];[A];[A]; ;[kVA];[kVA];[kVA];[kvar];[kvar];kvar];[kW];[kvar];[kvar];[kVAh];[kVAh];[kvar];[kWh];[kvarh];[kVAh];[kVAh]
1.6.2015 00:00;000,8;000,0;;;;;20758;1591857;5872;190543;52;204;0;0;0;0;0;0;0;;0,50;0,50;0,50;0,00;0,00;0,00;13976,00;13742,00;12304,00;0,05;0,05;0,06;;0,50;0,50;0,50;0,00;0,00;0,00;2,00;0,00;0,00;2,09;2,12;0,69;0,50;0,00;0,52;0,53;1,00;0,96;0,95;
1.6.2015 00:15;000,8;000,0;;;;;20758;1591857;5872;190543;52;204;0;0;0;0;0;0;0;;0,50;0,25;0,50;0,00;0,00;0,00;13978,00;13771,00;12353,00;0,05;0,03;0,06;;0,50;0,25;0,50;0,00;0,00;0,00;1,75;0,00;0,00;1,82;1,89;0,70;0,44;0,00;0,46;0,47;1,00;0,96;0,93;
1.6.2015 00:30;000,7;000,0;;;;;20758;1591857;5872;190543;52;204;0;0;0;0;0;0;0;;0,50;0,25;0,50;0,00;0,00;0,00;13888,00;13781,00;12369,00;0,05;0,03;0,06;;0,50;0,25;0,50;0,00;0,00;0,00;1,50;0,00;0,00;1,82;1,88;1,14;0,38;0,00;0,45;0,47;1,00;0,82;0,80;
1.6.2015 00:45;000,7;000,0;;;;;20758;1591857;5872;190543;52;204;0;0;0;0;0;0;0;;0,50;0,25;0,50;0,00;0,00;0,00;13906,00;13785,00;12384,00;0,05;0,03;0,06;;0,50;0,25;0,50;0,00;0,00;0,00;1,75;0,00;0,00;1,82;1,88;0,70;0,44;0,00;0,46;0,47;1,00;0,96;0,93;
1.6.2015 01:00;000,7;000,0;;;;;20758;1591857;5872;190543;52;204;0;0;0;0;0;0;0;;0,50;0,25;0,50;0,00;0,00;0,00;13990,00;13752,00;12323,00;0,05;0,03;0,06;;0,50;0,25;0,50;0,00;0,00;0,00;1,75;0,00;0,00;1,82;1,88;0,70;0,44;0,00;0,46;0,47;1,00;0,96;0,93;
1.6.2015 01:15;000,7;000,0;;;;;20759;1591857;5872;190543;52;204;0;0;0;0;0;0;0;;0,50;0,25;0,50;0,00;0,00;0,00;14005,00;13756,00;12339,00;0,05;0,03;0,06;;0,50;0,25;0,50;0,00;0,00;0,00;1,75;0,00;0,00;1,82;1,89;0,70;0,44;0,00;0,46;0,47;1,00;0,96;0,93;
1.6.2015 01:30;000,7;000,0;;;;;20759;1591857;5872;190543;52;204;0;0;0;0;0;0;0;;0,50;0,25;0,50;0,00;0,00;0,00;13993,00;13774,00;12349,00;0,05;0,03;0,06;;0,50;0,25;0,50;0,00;0,00;0,00;1,75;0,00;0,00;1,82;1,89;0,71;0,44;0,00;0,46;0,47;1,00;0,96;0,93;
1.6.2015 01:45;000,7;000,0;;;;;20759;1591857;5872;190543;52;204;0;0;0;0;0;0;0;;0,50;0,25;0,50;0,00;0,00;0,00;13948,00;13756,00;12353,00;0,05;0,03;0,06;;0,50;0,25;0,50;0,00;0,00;0,00;1,75;0,00;0,00;1,82;1,88;0,70;0,44;0,00;0,45;0,47;1,00;0,96;0,93;
1.6.2015 02:00;000,7;000,0;;;;;20759;1591857;5872;190543;52;204;0;0;0;0;0;0;0;;0,50;0,25;0,50;0,00;0,00;0,00;14016,00;13751,00;12329,00;0,05;0,03;0,06;;0,50;0,25;0,50;0,00;0,00;0,00;1,75;0,00;0,00;1,82;1,89;0,70;0,44;0,00;0,46;0,47;1,00;0,96;0,93;
1.6.2015 02:15;000,6;000,0;;;;;20759;1591857;5872;190543;52;204;0;0;0;0;0;0;0;;0,50;0,25;0,50;0,00;0,00;0,00;13976,00;13777,00;12372,00;0,04;0,02;0,04;;0,50;0,25;0,50;0,00;0,00;0,00;1,25;0,00;0,00;1,46;1,51;0,85;0,31;0,00;0,37;0,38;1,00;0,85;0,83;
1.6.2015 02:30;000,6;000,0;;;;;20759;1591857;5872;190543;52;204;0;0;0;0;0;0;0;;0,50;0,25;0,50;0,00;0,00;0,00;14038,00;13790,00;12371,00;0,04;0,02;0,04;;0,50;0,25;0,50;0,00;0,00;0,00;1,25;0,00;0,00;1,47;1,51;0,85;0,31;0,00;0,37;0,38;1,00;0,85;0,83;
1.6.2015 02:45;000,6;000,0;;;;;20760;1591857;5872;190543;52;204;0;0;0;0;0;0;0;;0,50;0,25;0,50;0,00;0,00;0,00;13989,00;13791,00;12379,00;0,04;0,02;0,04;;0,50;0,25;0,50;0,00;0,00;0,00;1,25;0,00;0,00;1,43;1,49;0,81;0,31;0,00;0,36;0,37;1,00;0,87;0,84;
1.6.2015 03:00;000,5;000,0;;;;;20760;1591857;5872;190543;52;204;0;0;0;0;0;0;0;;0,50;0,25;0,50;0,00;0,00;0,00;13954,00;13785,00;12385,00;0,04;0,02;0,04;;0,50;0,25;0,50;0,00;0,00;0,00;1,25;0,00;0,00;1,43;1,49;0,81;0,31;0,00;0,36;0,37;1,00;0,87;0,84;
1.6.2015 03:15;000,6;000,0;;;;;20760;1591857;5872;190543;52;204;0;0;0;0;0;0;0;;0,50;0,25;0,50;0,00;0,00;0,00;13994,00;13778,00;12372,00;0,04;0,02;0,04;;0,50;0,25;0,50;0,00;0,00;0,00;1,25;0,00;0,00;1,43;1,49;0,81;0,31;0,00;0,36;0,37;1,00;0,87;0,84;
1.6.2015 03:30;000,5;000,0;;;;;20760;1591857;5872;190543;52;204;0;0;0;0;0;0;0;;0,50;0,25;0,50;0,00;0,00;0,00;13982,00;13760,00;12378,00;0,04;0,02;0,04;;0,50;0,25;0,50;0,00;0,00;0,00;1,25;0,00;0,00;1,43;1,49;0,81;0,31;0,00;0,36;0,37;1,00;0,87;0,84;
1.6.2015 03:45;000,6;000,0;;;;;20760;1591857;5872;190543;52;204;0;0;0;0;0;0;0;;0,50;0,25;0,50;0,00;0,00;0,00;13978,00;13780,00;12387,00;0,04;0,02;0,04;;0,50;0,25;0,50;0,00;0,00;0,00;1,25;0,00;0,00;1,43;1,49;0,81;0,31;0,00;0,36;0,37;1,00;0,87;0,84;
1.6.2015 04:00;000,5;000,0;;;;;20760;1591857;5872;190543;52;204;0;0;0;0;0;0;0;;0,50;0,25;0,50;0,00;0,00;0,00;13981,00;13753,00;12362,00;0,04;0,02;0,04;;0,50;0,25;0,50;0,00;0,00;0,00;1,25;0,00;0,00;1,43;1,49;0,81;0,31;0,00;0,36;0,37;1,00;0,87;0,84;
1.6.2015 04:15;000,6;000,0;;;;;20760;1591857;5872;190543;52;204;0;0;0;0;0;0;0;;0,50;0,25;0,50;0,00;0,00;0,00;13978,00;13777,00;12389,00;0,04;0,02;0,04;;0,50;0,25;0,50;0,00;0,00;0,00;1,25;0,00;0,00;1,43;1,49;0,81;0,31;0,00;0,36;0,37;1,00;0,87;0,84;
1.6.2015 04:30;000,6;000,0;;;;;20761;1591857;5872;190543;52;204;0;0;0;0;0;0;0;;0,50;0,25;0,50;0,00;0,00;0,00;13945,00;13752,00;12366,00;0,04;0,02;0,04;;0,50;0,25;0,50;0,00;0,00;0,00;1,25;0,00;0,00;1,43;1,49;0,80;0,31;0,00;0,36;0,37;1,00;0,88;0,84;
1.6.2015 04:45;000,5;000,0;;;;;20761;1591857;5872;190543;52;204;0;0;0;0;0;0;0;;0,50;-0,50;1,00;9,50;8,00;7,75;13947,00;13764,00;12385,00;0,69;0,61;0,65;;9,50;8,25;8,00;nan;1,95;1,71;0,75;25,75;nan;26,07;26,14;NaN;0,19;6,44;6,52;6,53;-0,97;0,03;0,03;
1.6.2015 05:00;000,1;000,9;;;;;20761;1591857;5873;190544;52;204;0;0;0;0;0;0;0;;-2,25;-3,00;-2,00;1,25;0,50;0,50;13970,00;13784,00;12355,00;0,21;0,23;0,20;;2,75;3,00;2,25;0,97;nan;0,90;-7,75;2,75;nan;8,54;8,55;NaN;-1,94;0,69;2,14;2,14;0,94;-0,91;-0,91;
1.6.2015 05:15;000,0;005,7;;;;;20761;1591859;5873;190544;52;204;0;0;0;0;0;0;0;;-6,75;-7,50;-6,25;1,50;0,50;0,50;13966,00;13800,00;12357,00;0,51;0,55;0,52;;7,00;7,50;6,50;1,09;nan;1,71;-20,75;3,00;nan;21,23;21,27;NaN;-5,19;0,75;5,31;5,32;0,99;-0,98;-0,98;
1.6.2015 05:30;000,0;010,0;;;;;20761;1591861;5873;190545;52;204;0;0;0;0;0;0;0;;-7,75;-8,25;-7,00;1,75;0,50;0,75;13937,00;13802,00;12351,00;0,57;0,61;0,58;;8,00;8,25;7,00;0,94;nan;nan;-23,25;3,25;nan;23,63;23,66;NaN;-5,81;0,81;5,91;5,92;0,99;-0,98;-0,98;
1.6.2015 05:45;000,0;012,3;;;;;20761;1591864;5873;190545;52;204;0;0;0;0;0;0;0;;-15,00;-15,50;-13,75;2,50;0,50;1,00;13936,00;13761,00;12308,00;1,10;1,14;1,12;;15,25;15,75;13,75;1,15;2,75;nan;-44,50;4,00;nan;44,87;44,95;NaN;-11,12;1,00;11,22;11,24;1,00;-0,99;-0,99;
1.6.2015 06:00;000,0;020,3;;;;;20761;1591870;5873;190545;52;204;0;0;0;0;0;0;0;;-19,50;-20,25;-17,75;3,00;0,50;1,25;13860,00;13741,00;12278,00;1,44;1,48;1,47;;19,75;20,25;18,00;0,90;nan;2,72;-57,75;4,75;nan;58,31;58,41;NaN;-14,44;1,19;14,58;14,60;1,00;-0,99;-0,99;
1.6.2015 06:15;000,0;024,0;;;;;20761;1591875;5873;190546;52;204;0;0;0;0;0;0;0;;-20,25;-20,75;-18,25;3,00;0,00;1,25;13815,00;13635,00;12169,00;1,49;1,54;1,52;;20,50;20,75;18,50;1,09;0,00;2,76;-59,50;4,50;3,85;60,05;60,15;6,56;-14,88;1,12;15,01;15,04;1,00;-0,99;-0,99;
1.6.2015 06:30;000,0;023,7;;;;;20761;1591881;5873;190546;52;204;0;0;0;0;0;0;0;;-17,25;-17,75;-15,50;2,75;0,00;1,00;13746,00;13584,00;12128,00;1,28;1,32;1,30;;17,50;18,00;15,75;1,06;2,99;2,61;-51,00;4,00;6,66;51,46;51,54;NaN;-12,75;1,00;12,86;12,89;1,00;-0,99;-0,99;
1.6.2015 06:45;000,0;021,1;;;;;20761;1591887;5873;190547;52;204;0;0;0;0;0;0;0;;-24,75;-25,25;-22,25;3,75;0,00;1,50;13782,00;13618,00;12140,00;1,82;1,86;1,84;;25,00;25,25;22,25;nan;0,00;nan;-72,25;5,50;nan;72,78;72,90;NaN;-18,06;1,38;18,20;18,23;1,00;-0,99;-0,99;
1.6.2015 07:00;000,0;036,4;;;;;20761;1591896;5873;190547;52;204;0;0;0;0;0;0;0;;-37,00;-37,50;-33,25;5,50;0,75;2,75;13739,00;13595,00;12138,00;2,74;2,77;2,76;;37,50;37,50;33,50;2,65;nan;3,02;-108,25;9,25;nan;108,83;109,01;NaN;-27,06;2,31;27,21;27,25;1,00;-0,99;-0,99;
1.6.2015 07:15;000,0;056,6;;;;;20761;1591910;5873;190549;52;204;0;0;0;0;0;0;0;;-50,00;-50,25;-44,75;7,25;1,00;3,75;13750,00;13571,00;12116,00;3,68;3,72;3,73;;50,50;50,50;45,00;nan;4,92;2,89;-145,50;12,25;nan;146,28;146,54;NaN;-36,38;3,06;36,57;36,64;1,00;-0,99;-0,99;
1.6.2015 07:30;000,0;039,5;;;;;20761;1591920;5873;190550;52;204;0;0;0;0;0;0;0;;-27,75;-28,25;-25,00;4,25;0,00;1,75;13858,00;13635,00;12166,00;2,04;2,09;2,07;;28,25;28,50;25,00;3,15;3,77;nan;-81,25;6,25;nan;81,86;82,00;NaN;-20,31;1,56;20,46;20,50;1,00;-0,99;-0,99;
1.6.2015 07:45;000,0;059,2;;;;;20761;1591935;5873;190551;52;204;0;0;0;0;0;0;0;;-79,25;-79,25;-70,50;12,25;1,75;7,00;13897,00;13638,00;12156,00;5,78;5,82;5,83;;80,25;79,25;70,75;3,07;nan;nan;-229,25;21,00;nan;230,70;231,13;NaN;-57,31;5,25;57,68;57,78;1,00;-0,99;-0,99;
1.6.2015 08:00;000,0;069,1;;;;;20761;1591952;5873;190553;52;204;0;0;0;0;0;0;0;;-72,75;-72,75;-65,25;10,75;2,00;6,25;13835,00;13657,00;12185,00;5,33;5,35;5,39;;73,50;73,00;65,50;nan;5,70;nan;-211,00;19,00;nan;212,28;212,67;NaN;-52,75;4,75;53,07;53,17;1,00;-0,99;-0,99;
1.6.2015 08:15;000,0;093,3;;;;;20761;1591975;5873;190555;52;204;0;0;0;0;0;0;0;;-59,00;-59,00;-53,00;8,25;1,50;4,75;13805,00;13631,00;12147,00;4,32;4,34;4,40;;59,50;59,00;53,25;nan;nan;2,00;-171,25;14,75;nan;172,28;172,63;NaN;-42,81;3,69;43,07;43,16;1,00;-0,99;-0,99;
1.6.2015 08:30;000,0;073,5;;;;;20761;1591994;5873;190556;52;204;0;0;0;0;0;0;0;;-57,00;-57,00;-51,25;8,00;1,50;4,50;13785,00;13592,00;12119,00;4,18;4,20;4,25;;57,50;57,00;51,50;nan;nan;2,33;-165,50;14,25;nan;166,35;166,68;NaN;-41,38;3,56;41,59;41,67;1,00;-0,99;-0,99;
1.6.2015 08:45;000,0;076,2;;;;;20761;1592013;5873;190558;52;204;0;0;0;0;0;0;0;;-61,75;-61,75;-55,25;9,00;1,25;5,00;13791,00;13572,00;12099,00;4,53;4,56;4,59;;62,25;61,75;55,50;nan;nan;1,64;-178,75;15,75;nan;179,90;180,24;NaN;-44,69;3,94;44,97;45,06;1,00;-0,99;-0,99;
1.6.2015 09:00;000,0;077,1;;;;;20761;1592032;5873;190560;52;204;0;0;0;0;0;0;0;;-56,00;-56,25;-50,50;7,75;1,25;4,50;13753,00;13578,00;12126,00;4,13;4,15;4,19;;56,75;56,25;50,75;4,95;nan;2,25;-163,00;13,75;nan;163,89;164,20;NaN;-40,75;3,44;40,97;41,05;1,00;-0,99;-0,99;
1.6.2015 09:15;000,0;068,6;;;;;20761;1592049;5873;190561;52;204;0;0;0;0;0;0;0;;-60,00;-60,25;-54,00;8,50;1,75;4,75;13759,00;13560,00;12115,00;4,41;4,45;4,50;;60,50;60,25;54,25;nan;nan;2,12;-174,50;15,25;nan;175,47;175,83;NaN;-43,62;3,81;43,87;43,96;1,00;-0,99;-0,99;
1.6.2015 09:30;000,0;072,4;;;;;20761;1592067;5873;190563;52;204;0;0;0;0;0;0;0;;-52,00;-52,25;-47,00;7,25;1,50;4,00;13740,00;13575,00;12132,00;3,82;3,86;3,89;;52,50;52,25;47,25;nan;nan;2,75;-151,25;13,00;nan;152,14;152,43;NaN;-37,81;3,25;38,04;38,11;1,00;-0,99;-0,99;
1.6.2015 09:45;000,0;078,5;;;;;20761;1592087;5873;190565;52;204;0;0;0;0;0;0;0;;-83,75;-83,75;-75,00;12,75;2,75;7,50;13776,00;13554,00;12083,00;6,16;6,19;6,24;;84,75;83,75;75,25;2,44;nan;nan;-242,50;23,25;nan;244,15;244,63;NaN;-60,62;5,81;61,04;61,16;1,00;-0,99;-0,99;
1.6.2015 10:00;000,0;117,8;;;;;20761;1592117;5873;190568;52;204;0;0;0;0;0;0;0;;-103,25;-102,75;-92,75;15,00;3,50;9,50;13834,00;13610,00;12156,00;7,56;7,57;7,68;;104,50;103,00;93,25;5,89;6,26;1,66;-299,00;28,25;13,81;300,91;301,51;22,79;-74,75;7,06;75,23;75,38;1,00;-0,99;-0,99;
1.6.2015 10:15;000,0;111,8;;;;;20761;1592145;5873;190570;52;204;0;0;0;0;0;0;0;;-91,75;-91,75;-82,25;13,50;2,75;8,00;13822,00;13615,00;12148,00;6,73;6,75;6,81;;93,00;91,75;82,75;6,98;nan;4,30;-266,00;24,50;nan;267,72;268,22;NaN;-66,50;6,12;66,93;67,06;1,00;-0,99;-0,99;
1.6.2015 10:30;000,0;132,0;;;;;20761;1592178;5873;190574;52;204;0;0;0;0;0;0;0;;-174,25;-174,00;-155,00;31,75;9,50;20,50;13909,00;13685,00;12213,00;12,75;12,75;12,82;;177,25;174,25;156,50;6,81;nan;6,86;-503,75;62,00;nan;508,36;509,25;NaN;-125,94;15,50;127,09;127,31;0,99;-0,99;-0,99;
1.6.2015 10:45;000,0;142,7;;;;;20761;1592213;5873;190577;52;204;0;0;0;0;0;0;0;;-123,00;-122,25;-110,00;18,25;4,00;11,50;13875,00;13646,00;12192,00;8,98;8,97;9,09;;124,50;122,25;110,75;6,18;nan;5,77;-355,75;34,00;nan;357,83;358,52;NaN;-88,94;8,50;89,46;89,63;1,00;-0,99;-0,99;
1.6.2015 11:00;000,0;171,2;;;;;20761;1592257;5873;190582;52;204;0;0;0;0;0;0;0;;-259,75;-260,75;-232,25;52,75;20,25;35,00;13933,00;13756,00;12286,00;19,03;19,01;19,12;;265,00;261,50;234,75;nan;nan;nan;-752,75;108,25;nan;761,65;762,93;NaN;-188,19;27,06;190,41;190,73;0,99;-0,99;-0,99;
1.6.2015 11:15;000,0;160,3;;;;;20761;1592297;5873;190586;52;204;0;0;0;0;0;0;0;;-252,00;-253,00;-225,25;50,25;19,00;33,00;13948,00;13771,00;12291,00;18,43;18,43;18,54;;257,00;253,75;227,75;4,47;4,37;6,60;-730,50;102,50;15,43;738,84;740,10;58,08;-182,62;25,62;184,71;185,02;0,99;-0,99;-0,99;
1.6.2015 11:30;000,0;151,7;;;;;20761;1592335;5873;190591;52;204;0;0;0;0;0;0;0;;-226,50;-229,00;-201,75;61,25;31,50;43,75;13915,00;13695,00;12200,00;16,87;16,88;16,94;;234,50;231,00;206,75;nan;nan;11,33;-657,50;136,75;nan;672,61;673,80;NaN;-164,38;34,19;168,15;168,45;0,98;-0,98;-0,98;
1.6.2015 11:45;000,0;271,6;;;;;20761;1592402;5873;190600;52;204;0;0;0;0;0;0;0;;-109,75;-109,25;-98,25;16,50;3,50;10,00;13839,00;13617,00;12146,00;8,03;8,05;8,14;;111,00;109,50;98,75;1,92;6,51;nan;-317,75;30,25;nan;319,67;320,31;NaN;-79,44;7,56;79,92;80,08;1,00;-0,99;-0,99;
1.6.2015 12:00;000,0;213,2;;;;;20761;1592456;5873;190607;52;204;0;0;0;0;0;0;0;;-274,00;-275,00;-245,00;57,00;23,50;38,50;13972,00;13773,00;12297,00;20,05;20,04;20,18;;280,00;276,00;248,00;8,66;nan;nan;-794,25;119,25;nan;804,37;805,77;NaN;-198,56;29,81;201,09;201,44;0,99;-0,99;-0,99;
1.6.2015 12:15;000,0;169,5;;;;;20761;1592498;5873;190612;52;204;0;0;0;0;0;0;0;;-101,75;-101,25;-91,25;15,00;3,25;9,25;13854,00;13583,00;12144,00;7,43;7,46;7,56;;103,00;101,25;91,75;5,56;nan;2,44;-294,50;27,50;nan;296,18;296,78;NaN;-73,62;6,88;74,04;74,20;1,00;-0,99;-0,99;
1.6.2015 12:30;000,0;144,3;;;;;20761;1592534;5873;190616;52;204;0;0;0;0;0;0;0;;-148,25;-148,00;-132,50;23,75;5,75;14,75;13847,00;13629,00;12175,00;10,85;10,87;10,97;;150,25;148,00;133,50;5,74;nan;6,96;-429,00;44,25;nan;432,05;432,85;NaN;-107,25;11,06;108,01;108,21;0,99;-0,99;-0,99;
1.6.2015 12:45;000,0;178,6;;;;;20761;1592578;5873;190621;52;204;0;0;0;0;0;0;0;;-75,50;-75,50;-68,25;11,00;2,75;6,75;13791,00;13571,00;12134,00;5,55;5,57;5,66;;76,50;75,50;68,75;5,57;nan;4,79;-219,50;20,75;nan;220,97;221,43;NaN;-54,88;5,19;55,24;55,36;1,00;-0,99;-0,99;
1.6.2015 13:00;000,0;097,6;;;;;20761;1592603;5873;190623;52;204;0;0;0;0;0;0;0;;-103,75;-103,50;-92,50;15,75;3,50;9,50;13827,00;13589,00;12115,00;7,60;7,62;7,70;;105,00;103,50;93,25;3,59;nan;7,00;-300,00;29,00;nan;301,82;302,42;NaN;-75,00;7,25;75,46;75,61;1,00;-0,99;-0,99;
1.6.2015 13:15;000,0;157,0;;;;;20761;1592643;5873;190628;52;204;0;0;0;0;0;0;0;;-268,25;-268,00;-238,25;56,00;21,25;38,00;13904,00;13643,00;12175,00;19,72;19,72;19,82;;274,00;269,00;241,25;nan;9,24;nan;-774,50;115,75;nan;784,44;785,84;NaN;-193,62;28,94;196,11;196,46;0,99;-0,99;-0,99;
1.6.2015 13:30;000,0;166,5;;;;;20761;1592684;5873;190633;52;204;0;0;0;0;0;0;0;;-102,75;-103,50;-92,75;15,75;3,25;8,75;13787,00;13612,00;12187,00;7,56;7,61;7,65;;104,00;103,50;93,25;3,22;nan;4,05;-299,00;28,25;nan;300,98;301,50;NaN;-74,75;7,06;75,24;75,37;1,00;-0,99;-0,99;
1.6.2015 13:45;000,0;226,6;;;;;20761;1592741;5873;190640;52;204;0;0;0;0;0;0;0;;-182,25;-183,00;-163,25;32,00;8,75;19,25;13886,00;13701,00;12231,00;13,34;13,39;13,44;;185,25;183,25;164,25;8,86;3,87;nan;-528,75;60,25;nan;533,18;534,09;NaN;-132,19;15,06;133,30;133,52;0,99;-0,99;-0,99;
1.6.2015 14:00;000,0;212,6;;;;;20761;1592793;5873;190647;52;204;0;0;0;0;0;0;0;;-90,50;-91,00;-81,50;13,50;2,75;7,50;13842,00;13654,00;12181,00;6,63;6,68;6,73;;91,75;91,00;82,00;6,75;nan;5,05;-263,25;24,00;nan;264,83;265,33;NaN;-65,81;6,00;66,21;66,33;1,00;-0,99;-0,99;
1.6.2015 14:15;000,0;277,5;;;;;20761;1592864;5873;190657;52;204;0;0;0;0;0;0;0;;-252,75;-252,75;-224,75;51,25;18,00;33,75;14000,00;13756,00;12272,00;18,43;18,44;18,52;;258,00;253,50;227,25;7,41;7,46;nan;-730,50;103,25;nan;738,95;740,26;NaN;-182,62;25,81;184,74;185,07;0,99;-0,99;-0,99;
1.6.2015 14:30;000,0;271,1;;;;;20761;1592931;5873;190666;52;204;0;0;0;0;0;0;0;;-226,75;-227,00;-202,25;43,25;14,50;27,75;13959,00;13752,00;12277,00;16,55;16,55;16,64;;231,00;227,50;204,25;8,65;4,12;6,55;-656,25;86,00;19,33;662,90;664,05;50,27;-164,06;21,50;165,73;166,01;0,99;-0,99;-0,99;
1.6.2015 14:45;000,0;269,6;;;;;20761;1592999;5873;190675;52;204;0;0;0;0;0;0;0;;-230,25;-230,25;-204,75;44,50;14,50;29,00;13913,00;13686,00;12218,00;16,86;16,86;16,94;;234,50;230,75;207,00;nan;4,50;9,24;-665,50;88,50;nan;672,43;673,59;NaN;-166,38;22,12;168,11;168,40;0,99;-0,99;-0,99;
1.6.2015 15:00;000,0;263,6;;;;;20761;1593064;5873;190683;52;204;0;0;0;0;0;0;0;;-168,00;-167,00;-149,00;28,25;6,75;17,75;13969,00;13688,00;12214,00;12,21;12,22;12,31;;170,50;167,25;150,25;6,94;6,16;7,68;-484,25;53,00;20,79;488,12;489,04;37,72;-121,06;13,25;122,03;122,26;0,99;-0,99;-0,99;
1.6.2015 15:15;000,0;153,8;;;;;20761;1593103;5873;190688;52;204;0;0;0;0;0;0;0;;-228,50;-228,50;-204,00;44,00;14,50;28,25;13943,00;13709,00;12279,00;16,70;16,72;16,79;;232,75;229,00;206,00;4,93;4,30;4,68;-661,50;87,00;13,92;668,23;669,33;51,59;-165,38;21,75;167,06;167,33;0,99;-0,99;-0,99;
1.6.2015 15:30;000,0;237,0;;;;;20761;1593162;5873;190696;52;204;0;0;0;0;0;0;0;;-220,25;-219,75;-196,00;41,50;12,75;26,75;13993,00;13745,00;12287,00;16,03;16,04;16,11;;224,25;220,25;197,75;7,47;7,58;nan;-636,25;81,25;nan;642,82;643,93;NaN;-159,06;20,31;160,70;160,98;0,99;-0,99;-0,99;
1.6.2015 15:45;000,0;153,9;;;;;20761;1593200;5873;190700;52;204;0;0;0;0;0;0;0;;-95,25;-95,50;-85,00;15,50;3,25;9,25;13874,00;13635,00;12186,00;6,97;7,01;7,03;;96,75;95,50;85,50;6,91;nan;nan;-276,00;28,25;nan;277,99;278,47;NaN;-69,00;7,06;69,50;69,62;0,99;-0,99;-0,99;
1.6.2015 16:00;000,0;079,2;;;;;20761;1593220;5873;190702;52;204;0;0;0;0;0;0;0;;-178,00;-178,00;-158,25;33,25;9,75;21,25;13916,00;13684,00;12216,00;13,03;13,03;13,08;;181,25;178,25;159,75;7,87;nan;5,04;-514,50;64,50;nan;519,41;520,30;NaN;-128,62;16,12;129,85;130,08;0,99;-0,99;-0,99;
1.6.2015 16:15;000,0;176,0;;;;;20761;1593264;5873;190707;52;204;0;0;0;0;0;0;0;;-172,25;-171,75;-152,50;31,75;8,75;20,50;13943,00;13659,00;12197,00;12,59;12,60;12,65;;175,25;172,00;154,00;5,87;3,06;6,28;-496,75;61,00;15,22;502,01;502,90;46,85;-124,19;15,25;125,50;125,72;0,99;-0,99;-0,99;
1.6.2015 16:30;000,0;134,2;;;;;20761;1593297;5873;190711;52;204;0;0;0;0;0;0;0;;-35,50;-36,00;-32,25;5,75;1,75;3,25;13831,00;13576,00;12111,00;2,61;2,67;2,69;;36,00;36,25;32,50;1,64;3,87;2,37;-104,00;11,25;7,88;104,92;105,17;7,49;-26,00;2,81;26,23;26,29;0,99;-0,99;-0,99;
1.6.2015 16:45;000,0;064,7;;;;;20761;1593313;5873;190712;52;204;0;0;0;0;0;0;0;;-35,75;-36,50;-32,25;5,50;1,00;2,75;13885,00;13621,00;12147,00;2,62;2,69;2,68;;36,25;36,50;32,50;2,40;nan;2,94;-104,75;9,50;nan;105,54;105,76;NaN;-26,19;2,38;26,39;26,44;1,00;-0,99;-0,99;
1.6.2015 17:00;000,0;046,4;;;;;20761;1593325;5873;190714;52;204;0;0;0;0;0;0;0;;-46,50;-47,00;-41,75;7,00;1,25;3,50;13860,00;13637,00;12181,00;3,40;3,46;3,46;;47,00;47,00;42,00;nan;nan;2,95;-135,50;12,00;nan;136,39;136,65;NaN;-33,88;3,00;34,10;34,16;1,00;-0,99;-0,99;
1.6.2015 17:15;000,0;059,1;;;;;20761;1593340;5873;190715;52;204;0;0;0;0;0;0;0;;-66,75;-67,50;-60,50;9,75;2,00;5,25;13845,00;13662,00;12210,00;4,89;4,95;4,98;;67,50;67,50;60,75;2,37;nan;1,66;-194,75;17,50;nan;196,10;196,47;NaN;-48,69;4,38;49,02;49,12;1,00;-0,99;-0,99;
1.6.2015 17:30;000,0;092,3;;;;;20761;1593363;5873;190717;52;204;0;0;0;0;0;0;0;;-117,50;-117,50;-105,00;18,75;4,00;11,00;13910,00;13675,00;12221,00;8,56;8,60;8,65;;119,00;117,50;105,50;1,79;nan;nan;-340,25;33,75;nan;342,49;343,11;NaN;-85,06;8,44;85,62;85,78;1,00;-0,99;-0,99;
1.6.2015 17:45;000,0;097,4;;;;;20761;1593387;5873;190720;52;204;0;0;0;0;0;0;0;;-88,50;-89,25;-79,50;14,00;2,75;7,75;13973,00;13802,00;12329,00;6,43;6,48;6,49;;89,75;89,25;79,75;5,18;nan;nan;-257,50;25,00;nan;259,24;259,67;NaN;-64,38;6,25;64,81;64,92;1,00;-0,99;-0,99;
1.6.2015 18:00;000,0;048,2;;;;;20761;1593399;5873;190721;52;204;0;0;0;0;0;0;0;;-28,25;-28,75;-25,25;4,25;0,50;2,00;13983,00;13785,00;12288,00;2,05;2,09;2,08;;28,50;28,75;25,50;nan;nan;2,95;-82,50;7,00;nan;82,94;83,08;NaN;-20,62;1,75;20,73;20,77;1,00;-0,99;-0,99;
1.6.2015 18:15;000,0;042,4;;;;;20761;1593410;5873;190722;52;204;0;0;0;0;0;0;0;;-49,00;-49,50;-44,00;7,25;1,00;3,75;13948,00;13790,00;12301,00;3,56;3,60;3,61;;49,50;49,50;44,25;nan;nan;2,83;-142,75;12,25;nan;143,64;143,90;NaN;-35,69;3,06;35,91;35,97;1,00;-0,99;-0,99;
1.6.2015 18:30;000,0;049,0;;;;;20761;1593422;5873;190723;52;204;0;0;0;0;0;0;0;;-34,50;-35,00;-30,75;5,25;0,75;2,50;13969,00;13760,00;12263,00;2,50;2,55;2,54;;35,00;35,00;31,00;2,68;nan;3,03;-100,50;8,75;nan;101,13;101,31;NaN;-25,12;2,19;25,28;25,33;1,00;-0,99;-0,99;
1.6.2015 18:45;000,0;034,0;;;;;20761;1593430;5873;190723;52;204;0;0;0;0;0;0;0;;-26,75;-27,00;-23,75;4,00;0,50;2,00;13992,00;13714,00;12230,00;1,93;1,98;1,97;;27,00;27,00;24,00;nan;nan;2,82;-77,75;6,75;nan;78,26;78,41;NaN;-19,44;1,69;19,57;19,60;1,00;-0,99;-0,99;
1.6.2015 19:00;000,0;035,0;;;;;20761;1593439;5873;190724;52;204;0;0;0;0;0;0;0;;-31,50;-32,00;-28,25;4,75;0,75;2,25;13952,00;13761,00;12283,00;2,29;2,33;2,32;;31,75;32,00;28,50;nan;nan;3,02;-92,00;8,00;nan;92,51;92,67;NaN;-23,00;2,00;23,13;23,17;1,00;-0,99;-0,99;
1.6.2015 19:15;000,0;028,5;;;;;20761;1593446;5873;190725;52;204;0;0;0;0;0;0;0;;-19,25;-19,75;-17,25;3,00;0,50;1,50;13935,00;13730,00;12237,00;1,40;1,45;1,43;;19,50;19,75;17,50;0,83;nan;2,54;-56,50;5,25;nan;56,95;57,06;NaN;-14,12;1,31;14,24;14,26;1,00;-0,99;-0,99;
1.6.2015 19:30;000,0;019,3;;;;;20761;1593451;5873;190725;52;204;0;0;0;0;0;0;0;;-12,00;-12,50;-11,00;2,25;0,75;1,00;13960,00;13751,00;12249,00;0,88;0,92;0,90;;12,00;12,50;11,00;nan;nan;nan;-35,50;4,00;nan;35,95;36,03;NaN;-8,88;1,00;8,99;9,01;0,99;-0,99;-0,99;
1.6.2015 19:45;000,0;010,9;;;;;20761;1593454;5873;190726;52;204;0;0;0;0;0;0;0;;-6,75;-7,50;-6,25;1,75;0,75;0,75;13973,00;13738,00;12233,00;0,51;0,56;0,54;;7,00;7,50;6,50;0,61;nan;1,62;-20,75;3,50;nan;21,43;21,49;NaN;-5,19;0,88;5,36;5,37;0,99;-0,97;-0,97;
1.6.2015 20:00;000,0;006,1;;;;;20761;1593455;5873;190726;52;204;0;0;0;0;0;0;0;;-3,25;-4,00;-3,25;1,50;1,00;0,75;13911,00;13716,00;12233,00;0,28;0,31;0,28;;3,75;4,25;3,25;1,12;1,03;nan;-10,75;3,25;nan;11,63;11,66;NaN;-2,69;0,81;2,91;2,91;0,95;-0,92;-0,92;
1.6.2015 20:15;000,0;002,6;;;;;20761;1593456;5873;190726;52;204;0;0;0;0;0;0;0;;-0,75;-1,25;-0,75;1,25;0,75;0,50;13916,00;13723,00;12261,00;0,12;0,13;0,10;;1,50;1,75;1,00;0,35;0,97;0,43;-2,75;3,00;1,75;4,78;4,79;1,83;-0,69;0,75;1,20;1,20;0,46;-0,57;-0,57;
1.6.2015 20:30;000,3;000,2;;;;;20761;1593456;5873;190726;52;204;0;0;0;0;0;0;0;;1,00;0,25;0,50;1,00;1,00;0,50;13897,00;13724,00;12279,00;0,12;0,10;0,09;;1,50;1,25;1,00;0,50;0,71;0,71;2,25;2,75;1,91;4,24;4,26;1,35;0,56;0,69;1,06;1,06;0,34;0,53;0,53;
1.6.2015 20:45;001,1;000,0;;;;;20761;1593456;5873;190726;52;204;0;0;0;0;0;0;0;;1,00;0,75;0,75;0,00;0,00;0,00;13896,00;13729,00;12274,00;0,09;0,06;0,07;;1,00;0,75;0,75;0,00;0,00;0,00;2,75;0,00;0,00;2,90;2,92;0,98;0,69;0,00;0,72;0,73;1,00;0,95;0,94;
1.6.2015 21:00;001,1;000,0;;;;;20761;1593456;5873;190726;52;204;0;0;0;0;0;0;0;;1,00;0,75;0,75;0,00;0,00;0,00;13965,00;13702,00;12246,00;0,09;0,06;0,07;;1,00;0,75;0,75;0,00;0,00;0,00;2,75;0,00;0,00;2,90;2,92;0,99;0,69;0,00;0,73;0,73;1,00;0,95;0,94;
1.6.2015 21:15;001,2;000,0;;;;;20762;1593456;5873;190726;52;204;0;0;0;0;0;0;0;;1,00;0,75;0,75;0,00;0,00;0,00;13986,00;13728,00;12275,00;0,09;0,06;0,07;;1,00;0,75;0,75;0,00;0,00;0,00;2,75;0,00;0,00;2,91;2,93;1,01;0,69;0,00;0,73;0,73;1,00;0,95;0,94;
1.6.2015 21:30;001,1;000,0;;;;;20762;1593456;5873;190726;52;204;0;0;0;0;0;0;0;;1,00;0,75;0,75;0,00;0,00;0,00;13903,00;13703,00;12289,00;0,09;0,06;0,07;;1,00;0,75;0,75;0,00;0,00;0,00;2,75;0,00;0,00;2,90;2,92;0,98;0,69;0,00;0,72;0,73;1,00;0,95;0,94;
1.6.2015 21:45;001,1;000,0;;;;;20762;1593456;5873;190726;52;204;0;0;0;0;0;0;0;;1,00;0,75;0,75;0,00;0,00;0,00;13948,00;13731,00;12331,00;0,09;0,06;0,07;;1,00;0,75;0,75;0,00;0,00;0,00;2,75;0,00;0,00;2,91;2,93;1,01;0,69;0,00;0,73;0,73;1,00;0,95;0,94;
1.6.2015 22:00;001,2;000,0;;;;;20762;1593456;5873;190726;52;204;0;0;0;0;0;0;0;;0,75;0,75;0,75;0,00;0,00;0,00;13961,00;13750,00;12330,00;0,07;0,06;0,06;;0,75;0,75;0,75;0,00;0,00;0,00;2,50;0,00;0,00;2,57;2,58;0,64;0,62;0,00;0,64;0,65;1,00;0,97;0,97;
1.6.2015 22:15;001,0;000,0;;;;;20763;1593456;5873;190726;52;204;0;0;0;0;0;0;0;;0,75;0,75;0,75;0,00;0,00;0,00;13964,00;13802,00;12414,00;0,07;0,06;0,07;;0,75;0,75;0,75;0,00;0,00;0,00;2,50;0,00;0,00;2,61;2,62;0,80;0,62;0,00;0,65;0,66;1,00;0,96;0,95;
1.6.2015 22:30;001,0;000,0;;;;;20763;1593456;5873;190726;52;204;0;0;0;0;0;0;0;;0,75;0,75;0,75;0,00;0,00;0,00;13990,00;13809,00;12402,00;0,07;0,06;0,07;;0,75;0,75;0,75;0,00;0,00;0,00;2,50;0,00;0,00;2,61;2,63;0,80;0,62;0,00;0,65;0,66;1,00;0,96;0,95;
1.6.2015 22:45;001,0;000,0;;;;;20763;1593456;5873;190726;52;204;0;0;0;0;0;0;0;;0,75;0,50;0,75;0,00;0,00;0,00;13977,00;13799,00;12414,00;0,07;0,05;0,06;;0,75;0,50;0,75;0,00;0,00;0,00;2,25;0,00;0,00;2,44;2,47;1,01;0,56;0,00;0,61;0,62;1,00;0,92;0,91;
1.6.2015 23:00;001,0;000,0;;;;;20763;1593456;5873;190726;52;204;0;0;0;0;0;0;0;;0,75;0,50;0,75;0,00;0,00;0,00;14000,00;13829,00;12430,00;0,07;0,05;0,06;;0,75;0,50;0,75;0,00;0,00;0,00;2,25;0,00;0,00;2,44;2,47;1,02;0,56;0,00;0,61;0,62;1,00;0,92;0,91;
1.6.2015 23:15;000,9;000,0;;;;;20764;1593456;5873;190726;52;204;0;0;0;0;0;0;0;;0,75;0,50;0,75;0,00;0,00;0,00;14033,00;13842,00;12430,00;0,07;0,05;0,06;;0,75;0,50;0,75;0,00;0,00;0,00;2,25;0,00;0,00;2,48;2,51;1,12;0,56;0,00;0,62;0,63;1,00;0,91;0,90;
1.6.2015 23:30;001,0;000,0;;;;;20764;1593456;5873;190726;52;204;0;0;0;0;0;0;0;;0,75;0,50;0,75;0,00;0,00;0,00;14044,00;13876,00;12480,00;0,07;0,05;0,06;;0,75;0,50;0,75;0,00;0,00;0,00;2,25;0,00;0,00;2,52;2,55;1,19;0,56;0,00;0,63;0,64;1,00;0,89;0,88;
1.6.2015 23:45;001,0;000,0;;;;;20764;1593456;5873;190726;52;204;0;0;0;0;0;0;0;;0,75;0,50;0,75;0,00;0,00;0,00;13984,00;13827,00;12436,00;0,07;0,05;0,06;;0,75;0,50;0,75;0,00;0,00;0,00;2,25;0,00;0,00;2,44;2,47;1,02;0,56;0,00;0,61;0,62;1,00;0,92;0,91;
2.6.2015 00:00;001,0;000,0;;;;;20764;1593456;5873;190726;52;204;0;0;0;0;0;0;0;;0,75;0,50;0,75;0,00;0,00;0,00;14037,00;13840,00;12460,00;0,07;0,05;0,06;;0,75;0,50;0,75;0,00;0,00;0,00;2,25;0,00;0,00;2,52;2,54;1,18;0,56;0,00;0,63;0,64;1,00;0,89;0,89;
2.6.2015 00:15;000,9;000,0;;;;;20765;1593456;5873;190726;52;204;0;0;0;0;0;0;0;;0,75;0,50;0,75;0,00;0,00;0,00;14053,00;13824,00;12441,00;0,07;0,05;0,06;;0,75;0,50;0,75;0,00;0,00;0,00;2,25;0,00;0,00;2,48;2,51;1,12;0,56;0,00;0,62;0,63;1,00;0,91;0,90;
2.6.2015 00:30;001,0;000,0;;;;;20765;1593456;5873;190726;52;204;0;0;0;0;0;0;0;;0,75;0,50;0,75;0,00;0,00;0,00;14035,00;13867,00;12493,00;0,07;0,05;0,06;;0,75;0,50;0,75;0,00;0,00;0,00;2,25;0,00;0,00;2,52;2,55;1,19;0,56;0,00;0,63;0,64;1,00;0,89;0,88;
2.6.2015 00:45;001,0;000,0;;;;;20765;1593456;5873;190726;52;204;0;0;0;0;0;0;0;;0,75;0,50;0,75;0,00;0,00;0,00;13997,00;13862,00;12501,00;0,07;0,05;0,06;;0,75;0,50;0,75;0,00;0,00;0,00;2,25;0,00;0,00;2,49;2,52;1,12;0,56;0,00;0,62;0,63;1,00;0,91;0,89;
2.6.2015 00:59;001,0;000,0;;;;;20765;1593456;5873;190726;52;204;0;0;0;0;0;0;0;;0,75;0,50;0,75;0,00;0,00;0,00;14035,00;13864,00;12489,00;0,07;0,05;0,06;;0,75;0,50;0,75;0,00;0,00;0,00;2,25;0,00;0,00;2,52;2,55;1,19;0,56;0,00;0,63;0,64;1,00;0,89;0,88;
2.6.2015 01:00;001,0;000,0;;;;;20765;1593456;5873;190726;52;204;0;0;0;0;0;0;0;;0,75;0,50;0,75;0,00;0,00;0,00;14092,00;13832,00;12442,00;0,07;0,05;0,06;;0,75;0,50;0,75;0,00;0,00;0,00;2,25;0,00;0,00;2,52;2,54;1,19;0,56;0,00;0,63;0,64;1,00;0,89;0,88;
2.6.2015 01:15;000,9;000,0;;;;;20766;1593456;5873;190726;52;204;0;0;0;0;0;0;0;;0,50;0,50;0,50;0,00;0,00;0,00;14069,00;13876,00;12484,00;0,05;0,05;0,06;;0,75;0,50;0,75;0,56;0,00;0,56;2,00;0,00;1,12;2,15;2,17;NaN;0,50;0,00;0,54;0,54;1,00;0,93;0,92;
2.6.2015 01:30;000,9;000,0;;;;;20766;1593456;5873;190726;52;204;0;0;0;0;0;0;0;;0,50;0,50;0,50;0,00;0,00;0,00;14057,00;13854,00;12472,00;0,05;0,05;0,06;;0,50;0,50;0,75;0,00;0,00;0,56;2,00;0,00;0,56;2,14;2,17;0,62;0,50;0,00;0,54;0,54;1,00;0,93;0,92;
2.6.2015 01:45;000,8;000,0;;;;;20766;1593456;5873;190726;52;204;0;0;0;0;0;0;0;;0,50;0,50;0,50;0,00;0,00;0,00;14058,00;13884,00;12492,00;0,05;0,05;0,06;;0,75;0,50;0,75;0,56;0,00;0,56;2,00;0,00;1,12;2,15;2,17;NaN;0,50;0,00;0,54;0,54;1,00;0,93;0,92;
2.6.2015 02:00;000,7;000,0;;;;;20766;1593456;5873;190726;52;204;0;0;0;0;0;0;0;;0,50;0,25;0,50;0,00;0,00;0,00;14055,00;13869,00;12504,00;0,05;0,03;0,06;;0,50;0,25;0,50;0,00;0,00;0,00;1,75;0,00;0,00;1,84;1,90;0,74;0,44;0,00;0,46;0,48;1,00;0,95;0,92;
2.6.2015 02:15;000,8;000,0;;;;;20766;1593456;5873;190726;52;204;0;0;0;0;0;0;0;;0,50;0,25;0,50;0,00;0,00;0,00;14071,00;13843,00;12492,00;0,05;0,03;0,06;;0,50;0,25;0,50;0,00;0,00;0,00;1,75;0,00;0,00;1,84;1,90;0,74;0,44;0,00;0,46;0,48;1,00;0,95;0,92;
2.6.2015 02:30;000,7;000,0;;;;;20767;1593456;5873;190726;52;204;0;0;0;0;0;0;0;;0,50;0,25;0,50;0,00;0,00;0,00;14045,00;13862,00;12496,00;0,05;0,03;0,06;;0,50;0,25;0,50;0,00;0,00;0,00;1,75;0,00;0,00;1,84;1,90;0,74;0,44;0,00;0,46;0,48;1,00;0,95;0,92;
2.6.2015 02:45;000,7;000,0;;;;;20767;1593456;5873;190726;52;204;0;0;0;0;0;0;0;;0,50;0,25;0,50;0,00;0,00;0,00;14091,00;13839,00;12480,00;0,05;0,03;0,06;;0,50;0,25;0,50;0,00;0,00;0,00;1,75;0,00;0,00;1,84;1,90;0,74;0,44;0,00;0,46;0,48;1,00;0,95;0,92;
2.6.2015 03:00;000,7;000,0;;;;;20767;1593456;5873;190726;52;204;0;0;0;0;0;0;0;;0,50;0,25;0,50;0,00;0,00;0,00;14103,00;13843,00;12480,00;0,05;0,03;0,06;;0,50;0,25;0,50;0,00;0,00;0,00;1,75;0,00;0,00;1,84;1,90;0,74;0,44;0,00;0,46;0,48;1,00;0,95;0,92;
2.6.2015 03:15;000,7;000,0;;;;;20767;1593456;5873;190726;52;204;0;0;0;0;0;0;0;;0,50;0,25;0,50;0,00;0,00;0,00;14052,00;13876,00;12518,00;0,05;0,03;0,06;;0,50;0,25;0,50;0,00;0,00;0,00;1,75;0,00;0,00;1,84;1,90;0,75;0,44;0,00;0,46;0,48;1,00;0,95;0,92;
2.6.2015 03:30;000,7;000,0;;;;;20767;1593456;5873;190726;52;204;0;0;0;0;0;0;0;;0,50;0,25;0,50;0,00;0,00;0,00;14064,00;13857,00;12491,00;0,05;0,03;0,06;;0,50;0,25;0,50;0,00;0,00;0,00;1,75;0,00;0,00;1,84;1,90;0,74;0,44;0,00;0,46;0,48;1,00;0,95;0,92;
2.6.2015 03:45;000,7;000,0;;;;;20768;1593456;5873;190726;52;204;0;0;0;0;0;0;0;;0,50;0,25;0,50;0,00;0,00;0,00;14094,00;13852,00;12466,00;0,05;0,03;0,06;;0,50;0,25;0,50;0,00;0,00;0,00;1,75;0,00;0,00;1,84;1,90;0,74;0,44;0,00;0,46;0,48;1,00;0,95;0,92;
2.6.2015 04:00;000,7;000,0;;;;;20768;1593456;5873;190726;52;204;0;0;0;0;0;0;0;;0,50;0,25;0,50;0,00;0,00;0,00;14046,00;13843,00;12485,00;0,05;0,03;0,06;;0,50;0,25;0,50;0,00;0,00;0,00;1,75;0,00;0,00;1,83;1,90;0,74;0,44;0,00;0,46;0,47;1,00;0,95;0,92;
2.6.2015 04:15;000,7;000,0;;;;;20768;1593456;5873;190726;52;204;0;0;0;0;0;0;0;;0,50;0,25;0,50;0,00;0,00;0,00;14049,00;13880,00;12505,00;0,05;0,03;0,06;;0,50;0,25;0,50;0,00;0,00;0,00;1,75;0,00;0,00;1,84;1,90;0,74;0,44;0,00;0,46;0,48;1,00;0,95;0,92;
2.6.2015 04:30;000,7;000,0;;;;;20768;1593456;5873;190726;52;204;0;0;0;0;0;0;0;;0,50;0,25;0,50;0,00;0,00;0,00;14034,00;13853,00;12481,00;0,05;0,03;0,06;;0,50;0,25;0,50;0,00;0,00;0,00;1,75;0,00;0,00;1,80;1,88;0,68;0,44;0,00;0,45;0,47;1,00;0,97;0,93;
2.6.2015 04:45;000,7;000,0;;;;;20768;1593456;5874;190727;52;204;0;0;0;0;0;0;0;;0,00;-1,00;0,25;9,50;8,00;8,00;14076,00;13857,00;12471,00;0,68;0,60;0,65;;9,50;8,25;8,00;0,00;1,75;nan;-0,50;25,75;nan;25,99;26,06;NaN;-0,12;6,44;6,50;6,52;0,33;-0,02;-0,02;
2.6.2015 05:00;000,0;001,1;;;;;20768;1593456;5874;190728;52;204;0;0;0;0;0;0;0;;-1,50;-2,00;-1,00;1,25;0,00;0,50;14047,00;13844,00;12457,00;0,17;0,16;0,12;;2,25;2,25;1,50;1,12;1,03;1,00;-4,75;2,00;3,15;6,13;6,15;1,15;-1,19;0,50;1,53;1,54;0,91;-0,78;-0,77;
2.6.2015 05:15;000,0;003,2;;;;;20768;1593457;5874;190728;52;204;0;0;0;0;0;0;0;;-4,00;-4,50;-3,50;1,50;0,50;0,75;14097,00;13884,00;12466,00;0,31;0,34;0,30;;4,25;4,50;3,75;nan;nan;1,12;-12,00;3,00;nan;12,83;12,84;NaN;-3,00;0,75;3,21;3,21;0,97;-0,94;-0,93;
2.6.2015 05:30;000,0;006,8;;;;;20768;1593459;5874;190729;52;204;0;0;0;0;0;0;0;;-7,00;-7,50;-6,25;1,75;0,50;0,75;14093,00;13902,00;12479,00;0,53;0,56;0,52;;7,25;7,75;6,50;0,71;1,89;1,62;-21,25;3,25;4,21;21,74;21,76;NaN;-5,31;0,81;5,44;5,44;0,99;-0,98;-0,98;
2.6.2015 05:45;000,0;010,6;;;;;20768;1593461;5874;190729;52;204;0;0;0;0;0;0;0;;-11,00;-11,50;-9,75;2,25;0,00;0,75;14086,00;13921,00;12483,00;0,81;0,84;0,80;;11,25;11,50;10,00;0,71;0,00;2,09;-32,75;3,25;2,80;33,12;33,16;2,89;-8,19;0,81;8,28;8,29;1,00;-0,99;-0,99;
2.6.2015 06:00;000,0;015,1;;;;;20768;1593465;5874;190730;52;204;0;0;0;0;0;0;0;;-14,75;-15,00;-13,25;2,50;0,00;1,00;14035,00;13896,00;12429,00;1,08;1,10;1,08;;15,00;15,25;13,25;1,09;2,75;nan;-43,25;3,75;nan;43,70;43,76;NaN;-10,81;0,94;10,92;10,94;1,00;-0,99;-0,99;
2.6.2015 06:15;000,0;020,5;;;;;20768;1593470;5874;190730;52;204;0;0;0;0;0;0;0;;-19,75;-20,00;-17,75;3,00;0,00;1,50;13940,00;13818,00;12342,00;1,45;1,47;1,45;;20,00;20,25;17,75;0,97;3,17;nan;-57,75;4,50;nan;58,25;58,33;NaN;-14,44;1,12;14,56;14,58;1,00;-0,99;-0,99;
2.6.2015 06:30;000,0;024,2;;;;;20768;1593476;5874;190730;52;204;0;0;0;0;0;0;0;;-21,25;-21,75;-19,00;3,25;0,00;1,50;13945,00;13813,00;12303,00;1,56;1,58;1,56;;21,50;21,75;19,00;0,35;0,00;nan;-62,25;4,75;nan;62,71;62,79;NaN;-15,56;1,19;15,68;15,70;1,00;-0,99;-0,99;
2.6.2015 06:45;000,0;030,0;;;;;20768;1593484;5874;190731;52;204;0;0;0;0;0;0;0;;-30,00;-30,50;-26,75;4,50;0,00;2,00;13949,00;13773,00;12346,00;2,19;2,23;2,19;;30,50;30,50;27,00;3,16;0,00;3,07;-87,75;6,75;6,23;88,23;88,35;4,54;-21,94;1,69;22,06;22,09;1,00;-0,99;-0,99;
2.6.2015 07:00;000,0;045,3;;;;;20768;1593495;5874;190732;52;204;0;0;0;0;0;0;0;;-46,75;-47,25;-41,75;7,50;1,25;3,75;13966,00;13818,00;12364,00;3,40;3,44;3,41;;47,25;47,50;42,00;nan;4,70;2,62;-136,25;12,50;nan;137,11;137,31;NaN;-34,06;3,12;34,28;34,33;1,00;-0,99;-0,99;
2.6.2015 07:15;000,0;062,9;;;;;20768;1593511;5874;190733;52;204;0;0;0;0;0;0;0;;-70,75;-70,75;-62,75;10,50;1,25;5,75;13966,00;13787,00;12283,00;5,13;5,15;5,15;;71,50;70,75;63,25;nan;nan;5,47;-204,50;18,00;nan;205,84;206,18;NaN;-51,12;4,50;51,46;51,55;1,00;-0,99;-0,99;
2.6.2015 07:30;000,0;089,2;;;;;20768;1593534;5874;190736;52;204;0;0;0;0;0;0;0;;-72,75;-72,75;-64,50;11,00;1,25;6,25;13999,00;13773,00;12257,00;5,26;5,29;5,30;;73,50;72,75;64,75;nan;nan;nan;-210,00;18,75;nan;211,29;211,68;NaN;-52,50;4,69;52,82;52,92;1,00;-0,99;-0,99;
2.6.2015 07:45;000,0;101,7;;;;;20768;1593559;5874;190738;52;204;0;0;0;0;0;0;0;;-99,75;-100,00;-89,00;16,25;3,50;9,50;13948,00;13789,00;12285,00;7,25;7,26;7,29;;101,00;100,00;89,50;nan;nan;nan;-288,75;29,50;nan;290,83;291,32;NaN;-72,19;7,38;72,71;72,83;0,99;-0,99;-0,99;
2.6.2015 08:00;000,0;111,5;;;;;20768;1593587;5874;190741;52;204;0;0;0;0;0;0;0;;-92,00;-92,50;-82,50;14,75;3,25;8,50;13803,00;13698,00;12235,00;6,75;6,76;6,78;;93,25;92,50;83,00;3,74;nan;3,24;-267,00;26,75;nan;268,82;269,24;NaN;-66,75;6,69;67,20;67,31;0,99;-0,99;-0,99;
2.6.2015 08:15;000,0;119,1;;;;;20768;1593617;5874;190744;52;204;0;0;0;0;0;0;0;;-116,50;-116,00;-103,25;18,50;3,25;11,25;13829,00;13606,00;12104,00;8,54;8,53;8,58;;118,00;116,00;103,75;3,08;nan;nan;-335,75;33,25;nan;338,04;338,66;NaN;-83,94;8,31;84,51;84,67;1,00;-0,99;-0,99;
2.6.2015 08:30;000,0;106,6;;;;;20768;1593643;5874;190746;52;204;0;0;0;0;0;0;0;;-76,00;-75,75;-67,75;11,25;1,75;6,50;13737,00;13548,00;12094,00;5,59;5,60;5,64;;76,75;75,75;68,00;nan;nan;nan;-219,50;19,75;nan;220,97;221,36;NaN;-54,88;4,94;55,24;55,34;1,00;-0,99;-0,99;
2.6.2015 08:45;000,0;100,7;;;;;20768;1593669;5874;190749;52;204;0;0;0;0;0;0;0;;-119,00;-119,00;-106,25;19,00;4,00;11,25;13754,00;13573,00;12113,00;8,78;8,78;8,82;;120,50;119,00;106,75;nan;nan;nan;-344,50;34,75;nan;346,83;347,42;NaN;-86,12;8,69;86,71;86,85;0,99;-0,99;-0,99;
2.6.2015 09:00;000,0;159,3;;;;;20768;1593709;5874;190753;52;204;0;0;0;0;0;0;0;;-150,75;-151,50;-135,25;26,25;7,50;15,75;13748,00;13620,00;12165,00;11,15;11,15;11,20;;153,00;151,75;136,00;nan;4,42;nan;-437,75;49,75;nan;441,34;442,04;NaN;-109,44;12,44;110,33;110,51;0,99;-0,99;-0,99;
2.6.2015 09:15;000,0;171,5;;;;;20768;1593752;5874;190758;52;204;0;0;0;0;0;0;0;;-155,75;-155,25;-138,25;27,75;7,25;17,75;13761,00;13524,00;12088,00;11,51;11,51;11,55;;158,25;155,50;139,50;3,86;5,01;5,67;-449,75;52,75;14,55;453,57;454,33;33,85;-112,44;13,19;113,39;113,58;0,99;-0,99;-0,99;
2.6.2015 09:30;000,0;184,6;;;;;20768;1593798;5874;190764;52;204;0;0;0;0;0;0;0;;-167,00;-166,75;-148,75;30,25;8,75;19,50;13770,00;13574,00;12133,00;12,33;12,32;12,37;;169,75;167,00;150,00;3,32;2,62;nan;-482,75;58,75;nan;487,10;487,90;NaN;-120,69;14,69;121,78;121,97;0,99;-0,99;-0,99;
2.6.2015 09:45;000,0;188,4;;;;;20768;1593845;5874;190769;52;204;0;0;0;0;0;0;0;;-163,25;-162,25;-144,50;29,50;7,75;19,25;13777,00;13521,00;12071,00;12,05;12,03;12,09;;166,00;162,50;145,75;5,93;4,60;nan;-470,25;56,75;nan;474,58;475,40;NaN;-117,56;14,19;118,65;118,85;0,99;-0,99;-0,99;
2.6.2015 10:00;000,0;206,2;;;;;20768;1593897;5874;190776;52;204;0;0;0;0;0;0;0;;-196,00;-195,50;-174,00;35,75;10,00;23,25;13786,00;13542,00;12096,00;14,46;14,46;14,53;;199,25;195,75;175,75;2,55;nan;8,46;-566,00;69,25;nan;571,05;572,04;NaN;-141,50;17,31;142,76;143,01;0,99;-0,99;-0,99;
2.6.2015 10:15;000,0;226,1;;;;;20768;1593953;5874;190783;52;204;0;0;0;0;0;0;0;;-219,50;-219,00;-194,75;42,00;12,75;27,75;13813,00;13566,00;12126,00;16,19;16,17;16,23;;223,50;219,25;196,75;2,83;nan;3,60;-633,25;82,75;nan;639,83;640,90;NaN;-158,31;20,69;159,96;160,23;0,99;-0,99;-0,99;
2.6.2015 10:30;000,0;176,3;;;;;20768;1593997;5874;190788;52;204;0;0;0;0;0;0;0;;-222,50;-221,50;-197,75;42,00;13,00;28,25;13851,00;13602,00;12187,00;16,36;16,33;16,40;;226,50;222,00;199,75;5,66;7,26;nan;-642,00;83,50;nan;648,59;649,64;NaN;-160,50;20,88;162,15;162,41;0,99;-0,99;-0,99;
2.6.2015 10:45;000,0;206,4;;;;;20768;1594048;5874;190794;52;204;0;0;0;0;0;0;0;;-100,75;-100,50;-90,00;15,50;2,50;9,25;13766,00;13555,00;12132,00;7,41;7,43;7,46;;102,00;100,75;90,50;3,63;6,64;2,17;-291,50;27,50;12,43;293,36;293,85;21,50;-72,88;6,88;73,34;73,46;1,00;-0,99;-0,99;
2.6.2015 11:00;000,0;182,0;;;;;20768;1594094;5874;190799;52;204;0;0;0;0;0;0;0;;-174,75;-174,00;-155,25;29,50;7,00;19,00;13912,00;13688,00;12228,00;12,75;12,73;12,80;;177,25;174,00;156,50;3,12;nan;5,36;-504,00;56,00;nan;508,01;508,88;NaN;-126,00;14,00;127,00;127,22;0,99;-0,99;-0,99;
2.6.2015 11:15;000,0;058,4;;;;;20768;1594108;5874;190800;52;204;0;0;0;0;0;0;0;;-29,75;-30,00;-26,75;4,50;0,50;2,25;13742,00;13472,00;12191,00;2,20;2,24;2,21;;30,00;30,00;27,00;nan;nan;2,89;-86,75;7,50;nan;87,45;87,56;NaN;-21,69;1,88;21,86;21,89;1,00;-0,99;-0,99;
2.6.2015 11:30;000,0;043,7;;;;;20768;1594119;5874;190801;52;204;0;0;0;0;0;0;0;;-45,75;-46,00;-40,75;7,25;1,00;4,25;13741,00;13470,00;12089,00;3,39;3,42;3,40;;46,50;46,00;41,00;4,08;nan;1,54;-132,75;13,00;nan;133,65;133,86;NaN;-33,19;3,25;33,41;33,46;1,00;-0,99;-0,99;
2.6.2015 11:45;000,0;072,4;;;;;20768;1594137;5874;190803;52;204;0;0;0;0;0;0;0;;-91,00;-91,00;-81,00;14,75;3,00;9,00;13736,00;13535,00;12103,00;6,73;6,74;6,75;;92,25;91,25;81,50;3,39;6,05;0,50;-263,50;26,75;9,94;265,33;265,76;19,47;-65,88;6,69;66,33;66,44;0,99;-0,99;-0,99;
2.6.2015 12:00;000,0;211,9;;;;;20768;1594191;5874;190810;52;204;0;0;0;0;0;0;0;;-161,25;-160,75;-143,75;27,00;6,00;17,00;13812,00;13593,00;12184,00;11,85;11,84;11,89;;163,50;161,00;144,75;1,30;6,67;nan;-466,00;50,50;nan;469,49;470,23;NaN;-116,50;12,62;117,37;117,56;0,99;-0,99;-0,99;
2.6.2015 12:15;000,0;248,3;;;;;20768;1594253;5874;190819;52;204;0;0;0;0;0;0;0;;-271,50;-271,50;-241,25;57,50;21,25;39,50;13904,00;13680,00;12236,00;19,97;19,92;20,00;;277,50;272,50;244,50;nan;9,61;4,29;-784,50;118,50;nan;794,83;796,11;NaN;-196,12;29,62;198,71;199,03;0,99;-0,99;-0,99;
2.6.2015 12:30;000,0;298,2;;;;;20768;1594328;5874;190829;52;204;0;0;0;0;0;0;0;;-241,00;-241,00;-215,00;47,50;16,50;31,75;13912,00;13726,00;12292,00;17,66;17,62;17,70;;245,50;241,75;217,50;nan;9,48;8,55;-697,50;96,00;nan;705,13;706,24;NaN;-174,38;24,00;176,28;176,56;0,99;-0,99;-0,99;
2.6.2015 12:45;000,0;239,0;;;;;20768;1594387;5874;190837;52;204;0;0;0;0;0;0;0;;-167,00;-167,25;-149,50;28,00;7,50;17,00;13931,00;13787,00;12313,00;12,16;12,15;12,23;;169,25;167,50;150,50;nan;5,24;3,32;-483,75;52,75;nan;487,47;488,28;NaN;-120,94;13,19;121,87;122,07;0,99;-0,99;-0,99;
2.6.2015 13:00;000,0;131,4;;;;;20768;1594420;5874;190840;52;204;0;0;0;0;0;0;0;;-124,50;-123,75;-111,25;19,00;3,75;11,75;13934,00;13692,00;12298,00;9,05;9,06;9,12;;126,00;124,00;112,00;3,84;6,92;5,42;-360,00;34,75;16,18;362,34;362,94;25,66;-90,00;8,69;90,59;90,74;1,00;-0,99;-0,99;
2.6.2015 13:15;000,0;146,2;;;;;20768;1594456;5874;190844;52;204;0;0;0;0;0;0;0;;-88,75;-88,25;-79,25;13,25;2,50;8,00;13881,00;13625,00;12201,00;6,47;6,49;6,55;;89,75;88,25;79,75;1,71;nan;3,94;-256,25;23,75;nan;257,98;258,47;NaN;-64,06;5,94;64,50;64,62;1,00;-0,99;-0,99;
2.6.2015 13:30;000,0;126,3;;;;;20768;1594488;5874;190847;52;204;0;0;0;0;0;0;0;;-99,75;-100,00;-89,75;15,00;3,00;8,75;13863,00;13675,00;12260,00;7,29;7,32;7,36;;101,00;100,00;90,00;5,09;nan;nan;-289,50;27,00;nan;291,40;291,88;NaN;-72,38;6,75;72,85;72,97;1,00;-0,99;-0,99;
2.6.2015 13:45;000,0;137,4;;;;;20768;1594522;5874;190850;52;204;0;0;0;0;0;0;0;;-130,25;-130,00;-116,25;20,25;4,00;12,25;13946,00;13740,00;12273,00;9,46;9,47;9,53;;131,75;130,00;117,00;nan;nan;4,99;-376,50;36,75;nan;379,04;379,71;NaN;-94,12;9,19;94,76;94,93;1,00;-0,99;-0,99;
2.6.2015 14:00;000,0;163,1;;;;;20768;1594563;5874;190855;52;204;0;0;0;0;0;0;0;;-99,25;-99,25;-89,25;14,50;3,00;8,50;13944,00;13748,00;12300,00;7,20;7,23;7,30;;100,25;99,25;89,75;nan;nan;4,15;-288,00;26,50;nan;289,54;290,09;NaN;-72,00;6,62;72,39;72,52;1,00;-0,99;-0,99;
2.6.2015 14:15;000,0;249,3;;;;;20768;1594626;5874;190863;52;204;0;0;0;0;0;0;0;;-237,25;-237,25;-211,25;46,25;15,50;30,00;14025,00;13790,00;12330,00;17,24;17,25;17,31;;241,75;237,75;213,25;4,05;nan;nan;-685,75;92,00;nan;693,04;694,19;NaN;-171,44;23,00;173,26;173,55;0,99;-0,99;-0,99;
2.6.2015 14:30;000,0;162,0;;;;;20768;1594666;5874;190868;52;204;0;0;0;0;0;0;0;;-94,00;-94,50;-84,50;14,25;2,75;7,75;13916,00;13728,00;12285,00;6,84;6,89;6,93;;95,25;94,50;85,00;5,79;nan;4,97;-273,25;25,00;nan;275,01;275,49;NaN;-68,31;6,25;68,75;68,87;1,00;-0,99;-0,99;
2.6.2015 14:45;000,0;220,0;;;;;20768;1594721;5874;190874;52;204;0;0;0;0;0;0;0;;-226,75;-228,25;-203,50;43,50;15,25;27,00;13944,00;13801,00;12351,00;16,57;16,58;16,65;;231,00;228,75;205,50;7,29;nan;9,43;-658,75;86,00;nan;665,42;666,46;NaN;-164,69;21,50;166,36;166,61;0,99;-0,99;-0,99;
2.6.2015 15:00;000,0;255,0;;;;;20768;1594785;5874;190883;52;204;0;0;0;0;0;0;0;;-212,25;-212,75;-189,50;39,00;12,00;24,50;14025,00;13860,00;12360,00;15,40;15,39;15,48;;215,75;213,25;191,25;nan;8,31;8,13;-614,75;75,75;nan;620,46;621,51;NaN;-153,69;18,94;155,11;155,38;0,99;-0,99;-0,99;
2.6.2015 15:15;000,0;156,9;;;;;20768;1594824;5874;190887;52;204;0;0;0;0;0;0;0;;-195,50;-195,25;-174,00;34,75;9,75;21,75;13984,00;13776,00;12299,00;14,20;14,20;14,27;;198,50;195,50;175,50;nan;1,62;7,15;-565,00;66,50;nan;569,76;570,74;NaN;-141,25;16,62;142,44;142,68;0,99;-0,99;-0,99;
2.6.2015 15:30;000,0;223,6;;;;;20768;1594880;5874;190894;52;204;0;0;0;0;0;0;0;;-220,00;-221,00;-198,50;40,75;14,75;26,00;13910,00;13741,00;12450,00;16,08;16,07;16,17;;223,75;221,50;200,25;1,87;1,92;4,67;-639,75;81,75;8,46;645,98;646,83;48,54;-159,94;20,44;161,49;161,71;0,99;-0,99;-0,99;
2.6.2015 15:45;000,0;176,3;;;;;20768;1594924;5874;190899;52;204;0;0;0;0;0;0;0;;-120,50;-120,00;-108,00;18,25;3,75;10,75;13955,00;13738,00;12288,00;8,74;8,76;8,84;;121,75;120,25;108,50;nan;6,78;nan;-348,75;33,25;nan;350,83;351,48;NaN;-87,19;8,31;87,71;87,87;1,00;-0,99;-0,99;
2.6.2015 16:00;000,0;183,7;;;;;20768;1594970;5874;190904;52;204;0;0;0;0;0;0;0;;-197,50;-197,75;-176,25;35,00;10,00;21,75;14035,00;13847,00;12373,00;14,30;14,30;14,38;;200,50;198,00;177,75;nan;nan;7,61;-571,75;67,00;nan;576,61;577,57;NaN;-142,94;16,75;144,15;144,39;0,99;-0,99;-0,99;
2.6.2015 16:15;000,0;214,7;;;;;20768;1595024;5874;190910;52;204;0;0;0;0;0;0;0;;-168,75;-168,00;-150,25;28,00;6,75;17,50;14025,00;13802,00;12327,00;12,20;12,19;12,28;;171,00;168,25;151,25;nan;6,20;nan;-487,00;52,50;nan;490,73;491,60;NaN;-121,75;13,12;122,68;122,90;0,99;-0,99;-0,99;
2.6.2015 16:30;000,0;171,9;;;;;20768;1595067;5874;190915;52;204;0;0;0;0;0;0;0;;-162,25;-161,50;-143,75;28,50;7,25;18,25;14069,00;13782,00;12302,00;11,73;11,74;11,79;;165,00;161,75;145,00;9,36;5,32;5,28;-467,75;54,25;19,96;471,84;472,69;36,09;-116,94;13,56;117,96;118,17;0,99;-0,99;-0,99;
2.6.2015 16:45;000,0;112,5;;;;;20768;1595094;5874;190918;52;204;0;0;0;0;0;0;0;;-61,75;-62,00;-55,50;9,25;1,50;5,25;13916,00;13721,00;12271,00;4,50;4,52;4,55;;62,50;62,00;55,75;2,76;nan;0,50;-179,25;16,00;nan;180,51;180,83;NaN;-44,81;4,00;45,13;45,21;1,00;-0,99;-0,99;
2.6.2015 17:00;000,0;080,5;;;;;20768;1595115;5874;190920;52;204;0;0;0;0;0;0;0;;-136,50;-137,25;-122,75;22,25;6,00;13,25;13939,00;13838,00;12383,00;9,92;9,93;9,98;;138,25;137,25;123,50;nan;nan;3,02;-396,75;41,50;nan;399,37;399,99;NaN;-99,19;10,38;99,84;100,00;0,99;-0,99;-0,99;
2.6.2015 17:15;000,0;094,8;;;;;20768;1595138;5874;190922;52;204;0;0;0;0;0;0;0;;-117,25;-116,75;-104,25;18,50;3,50;11,25;13912,00;13694,00;12223,00;8,54;8,54;8,59;;118,75;116,75;105,00;3,43;nan;5,51;-338,50;33,75;nan;340,71;341,32;NaN;-84,62;8,44;85,18;85,33;1,00;-0,99;-0,99;
2.6.2015 17:30;000,0;079,1;;;;;20768;1595158;5874;190924;52;204;0;0;0;0;0;0;0;;-23,00;-23,50;-20,50;3,50;0,50;1,75;13902,00;13650,00;12194,00;1,68;1,72;1,70;;23,25;23,50;20,75;nan;nan;2,69;-67,00;6,00;nan;67,59;67,71;NaN;-16,75;1,50;16,90;16,93;1,00;-0,99;-0,99;
2.6.2015 17:45;000,0;017,2;;;;;20768;1595162;5874;190925;52;204;0;0;0;0;0;0;0;;-11,75;-12,50;-10,75;2,25;0,75;1,00;13868,00;13648,00;12184,00;0,87;0,92;0,90;;12,00;12,50;10,75;0,94;nan;nan;-35,00;4,00;nan;35,59;35,66;NaN;-8,75;1,00;8,90;8,92;0,99;-0,98;-0,98;
2.6.2015 18:00;000,0;013,0;;;;;20768;1595165;5874;190925;52;204;0;0;0;0;0;0;0;;-12,00;-12,75;-11,00;2,25;0,75;1,00;13810,00;13707,00;12239,00;0,90;0,94;0,92;;12,25;12,75;11,25;1,00;nan;2,14;-36,25;4,25;nan;36,64;36,70;NaN;-9,06;1,06;9,16;9,18;0,99;-0,99;-0,99;
2.6.2015 18:15;000,0;016,5;;;;;20768;1595169;5874;190926;52;204;0;0;0;0;0;0;0;;-14,75;-15,25;-13,50;2,50;0,75;1,25;13903,00;13726,00;12259,00;1,08;1,12;1,11;;15,00;15,25;13,50;1,09;nan;nan;-43,50;4,50;nan;44,00;44,08;NaN;-10,88;1,12;11,00;11,02;0,99;-0,99;-0,99;
2.6.2015 18:30;000,0;044,9;;;;;20768;1595181;5874;190927;52;204;0;0;0;0;0;0;0;;-52,75;-53,00;-47,25;7,75;1,00;4,25;13943,00;13719,00;12283,00;3,82;3,87;3,88;;53,25;53,00;47,50;nan;nan;2,37;-153,00;13,25;nan;154,02;154,29;NaN;-38,25;3,31;38,51;38,57;1,00;-0,99;-0,99;
2.6.2015 18:45;000,0;072,6;;;;;20768;1595199;5874;190928;52;204;0;0;0;0;0;0;0;;-62,50;-62,50;-55,75;9,25;1,25;5,00;13954,00;13737,00;12251,00;4,53;4,57;4,58;;63,00;62,50;56,00;nan;nan;1,71;-181,00;16,00;nan;182,06;182,40;NaN;-45,25;4,00;45,52;45,60;1,00;-0,99;-0,99;
2.6.2015 19:00;000,0;051,4;;;;;20768;1595211;5874;190930;52;204;0;0;0;0;0;0;0;;-31,00;-31,50;-28,00;4,75;0,75;2,25;13907,00;13695,00;12231,00;2,27;2,32;2,30;;31,50;31,75;28,00;2,95;3,91;nan;-90,75;8,00;nan;91,47;91,63;NaN;-22,69;2,00;22,87;22,91;1,00;-0,99;-0,99;
2.6.2015 19:15;000,0;023,0;;;;;20768;1595217;5874;190930;52;204;0;0;0;0;0;0;0;;-13,75;-14,50;-12,50;2,50;0,50;1,00;13868,00;13669,00;12204,00;1,02;1,07;1,04;;14,00;14,50;12,50;0,83;nan;nan;-41,00;4,25;nan;41,39;41,47;NaN;-10,25;1,06;10,35;10,37;0,99;-0,99;-0,99;
2.6.2015 19:30;000,0;012,9;;;;;20768;1595220;5874;190930;52;204;0;0;0;0;0;0;0;;-7,25;-8,00;-6,75;1,75;0,75;0,75;13884,00;13709,00;12234,00;0,56;0,60;0,57;;7,50;8,25;7,00;0,79;1,87;1,70;-22,50;3,75;4,36;23,00;23,05;NaN;-5,62;0,94;5,75;5,76;0,99;-0,98;-0,98;
2.6.2015 19:45;000,0;008,3;;;;;20768;1595222;5874;190931;52;204;0;0;0;0;0;0;0;;-6,00;-6,75;-5,50;1,75;0,75;0,75;13924,00;13683,00;12212,00;0,45;0,50;0,48;;6,25;6,75;5,75;0,00;nan;1,50;-18,50;3,50;nan;19,04;19,09;NaN;-4,62;0,88;4,76;4,77;0,98;-0,97;-0,97;
2.6.2015 20:00;000,0;005,6;;;;;20768;1595224;5874;190931;52;204;0;0;0;0;0;0;0;;-2,75;-3,50;-2,75;1,50;1,00;0,75;13925,00;13701,00;12220,00;0,24;0,27;0,25;;3,25;3,50;3,00;0,87;nan;0,94;-9,25;3,25;nan;10,17;10,19;NaN;-2,31;0,81;2,54;2,55;0,94;-0,91;-0,91;
2.6.2015 20:15;000,0;002,7;;;;;20768;1595224;5874;190932;52;204;0;0;0;0;0;0;0;;-1,00;-1,50;-0,75;1,25;0,75;0,50;13899,00;13680,00;12220,00;0,14;0,15;0,11;;1,75;2,00;1,25;0,71;1,09;0,87;-3,50;3,00;2,66;5,31;5,32;NaN;-0,88;0,75;1,33;1,33;0,65;-0,66;-0,66;
2.6.2015 20:30;000,1;000,4;;;;;20768;1595225;5874;190932;52;204;0;0;0;0;0;0;0;;0,50;0,00;0,25;1,00;0,75;0,50;13876,00;13683,00;12228,00;0,11;0,10;0,10;;1,50;1,25;1,00;1,00;1,00;0,83;1,00;2,75;2,83;4,12;4,13;0,68;0,25;0,69;1,03;1,03;-0,92;0,24;0,24;
2.6.2015 20:45;000,8;000,0;;;;;20768;1595225;5875;190932;52;204;0;0;0;0;0;0;0;;0,75;0,50;0,75;0,00;0,00;0,00;13899,00;13647,00;12193,00;0,07;0,05;0,06;;0,75;0,75;0,75;0,00;0,56;0,00;2,25;0,00;0,56;2,48;2,50;0,93;0,56;0,00;0,62;0,62;1,00;0,91;0,90;
2.6.2015 21:00;001,0;000,0;;;;;20769;1595225;5875;190932;52;204;0;0;0;0;0;0;0;;0,75;0,75;0,75;0,00;0,00;0,00;13905,00;13662,00;12196,00;0,07;0,06;0,06;;0,75;0,75;0,75;0,00;0,00;0,00;2,50;0,00;0,00;2,52;2,53;0,38;0,62;0,00;0,63;0,63;1,00;0,99;0,99;
2.6.2015 21:15;001,0;000,0;;;;;20769;1595225;5875;190932;52;204;0;0;0;0;0;0;0;;0,75;0,75;0,75;0,00;0,00;0,00;13939,00;13654,00;12203,00;0,07;0,06;0,06;;0,75;0,75;0,75;0,00;0,00;0,00;2,50;0,00;0,00;2,52;2,53;0,39;0,62;0,00;0,63;0,63;1,00;0,99;0,99;
2.6.2015 21:30;001,0;000,0;;;;;20769;1595225;5875;190932;52;204;0;0;0;0;0;0;0;;0,75;0,75;0,75;0,00;0,00;0,00;13898,00;13713,00;12273,00;0,07;0,06;0,06;;0,75;0,75;0,75;0,00;0,00;0,00;2,50;0,00;0,00;2,52;2,54;0,42;0,62;0,00;0,63;0,63;1,00;0,99;0,99;
2.6.2015 21:45;001,0;000,0;;;;;20769;1595225;5875;190932;52;204;0;0;0;0;0;0;0;;0,75;0,75;0,75;0,00;0,00;0,00;13899,00;13682,00;12279,00;0,07;0,06;0,06;;0,75;0,75;0,75;0,00;0,00;0,00;2,50;0,00;0,00;2,52;2,53;0,41;0,62;0,00;0,63;0,63;1,00;0,99;0,99;
2.6.2015 22:00;001,0;000,0;;;;;20770;1595225;5875;190932;52;204;0;0;0;0;0;0;0;;0,75;0,75;0,75;0,00;0,00;0,00;13865,00;13673,00;12261,00;0,07;0,06;0,06;;0,75;0,75;0,75;0,00;0,00;0,00;2,50;0,00;0,00;2,52;2,53;0,39;0,62;0,00;0,63;0,63;1,00;0,99;0,99;
2.6.2015 22:15;001,0;000,0;;;;;20770;1595225;5875;190932;52;204;0;0;0;0;0;0;0;;0,75;0,50;0,75;0,00;0,00;0,00;13908,00;13663,00;12259,00;0,07;0,05;0,06;;0,75;0,50;0,75;0,00;0,00;0,00;2,25;0,00;0,00;2,42;2,45;0,96;0,56;0,00;0,60;0,61;1,00;0,93;0,92;
2.6.2015 22:30;000,9;000,0;;;;;20770;1595225;5875;190932;52;204;0;0;0;0;0;0;0;;0,75;0,50;0,75;0,00;0,00;0,00;13883,00;13707,00;12299,00;0,07;0,05;0,06;;0,75;0,50;0,75;0,00;0,00;0,00;2,25;0,00;0,00;2,42;2,45;0,97;0,56;0,00;0,61;0,61;1,00;0,93;0,92;
2.6.2015 22:45;001,0;000,0;;;;;20770;1595225;5875;190932;52;204;0;0;0;0;0;0;0;;0,75;0,50;0,75;0,00;0,00;0,00;13867,00;13702,00;12310,00;0,07;0,05;0,06;;0,75;0,50;0,75;0,00;0,00;0,00;2,25;0,00;0,00;2,42;2,45;0,97;0,56;0,00;0,61;0,61;1,00;0,93;0,92;
2.6.2015 23:00;000,9;000,0;;;;;20771;1595225;5875;190932;52;204;0;0;0;0;0;0;0;;0,75;0,50;0,75;0,00;0,00;0,00;13912,00;13732,00;12321,00;0,07;0,05;0,06;;0,75;0,50;0,75;0,00;0,00;0,00;2,25;0,00;0,00;2,43;2,45;0,98;0,56;0,00;0,61;0,61;1,00;0,93;0,92;
2.6.2015 23:15;001,0;000,0;;;;;20771;1595225;5875;190932;52;204;0;0;0;0;0;0;0;;0,75;0,50;0,75;0,00;0,00;0,00;13901,00;13742,00;12347,00;0,07;0,05;0,06;;0,75;0,50;0,75;0,00;0,00;0,00;2,25;0,00;0,00;2,43;2,46;0,98;0,56;0,00;0,61;0,61;1,00;0,93;0,92;
2.6.2015 23:30;000,9;000,0;;;;;20771;1595225;5875;190932;52;204;0;0;0;0;0;0;0;;0,75;0,50;0,75;0,00;0,00;0,00;13886,00;13750,00;12369,00;0,07;0,05;0,06;;0,75;0,50;0,75;0,00;0,00;0,00;2,25;0,00;0,00;2,43;2,46;0,99;0,56;0,00;0,61;0,61;1,00;0,93;0,92;
2.6.2015 23:45;001,0;000,0;;;;;20771;1595225;5875;190932;52;204;0;0;0;0;0;0;0;;0,75;0,50;0,75;0,00;0,00;0,00;13916,00;13765,00;12372,00;0,07;0,05;0,06;;0,75;0,50;0,75;0,00;0,00;0,00;2,25;0,00;0,00;2,43;2,46;0,99;0,56;0,00;0,61;0,61;1,00;0,93;0,91;
3.6.2015 00:00;001,0;000,0;;;;;20772;1595225;5875;190932;52;204;0;0;0;0;0;0;0;;0,75;0,50;0,75;0,00;0,00;0,00;13948,00;13739,00;12345,00;0,07;0,05;0,06;;0,75;0,50;0,75;0,00;0,00;0,00;2,25;0,00;0,00;2,43;2,46;0,99;0,56;0,00;0,61;0,61;1,00;0,93;0,92;
3.6.2015 00:15;000,9;000,0;;;;;20772;1595225;5875;190932;52;204;0;0;0;0;0;0;0;;0,75;0,50;0,75;0,00;0,00;0,00;13975,00;13733,00;12339,00;0,07;0,05;0,06;;0,75;0,50;0,75;0,00;0,00;0,00;2,25;0,00;0,00;2,43;2,46;0,99;0,56;0,00;0,61;0,61;1,00;0,93;0,91;
3.6.2015 00:30;001,0;000,0;;;;;20772;1595225;5875;190932;52;204;0;0;0;0;0;0;0;;0,75;0,50;0,75;0,00;0,00;0,00;13916,00;13737,00;12375,00;0,07;0,05;0,06;;0,75;0,50;0,75;0,00;0,00;0,00;2,25;0,00;0,00;2,43;2,46;0,99;0,56;0,00;0,61;0,61;1,00;0,93;0,92;
3.6.2015 00:45;000,9;000,0;;;;;20772;1595225;5875;190932;52;204;0;0;0;0;0;0;0;;0,75;0,50;0,75;0,00;0,00;0,00;13915,00;13736,00;12374,00;0,07;0,05;0,06;;0,75;0,50;0,75;0,00;0,00;0,00;2,25;0,00;0,00;2,43;2,46;0,99;0,56;0,00;0,61;0,61;1,00;0,93;0,92;
3.6.2015 01:00;001,0;000,0;;;;;20773;1595225;5875;190932;52;204;0;0;0;0;0;0;0;;0,75;0,50;0,75;0,00;0,00;0,00;13937,00;13768,00;12407,00;0,07;0,05;0,06;;0,75;0,50;0,75;0,00;0,00;0,00;2,25;0,00;0,00;2,44;2,46;1,00;0,56;0,00;0,61;0,62;1,00;0,92;0,91;
3.6.2015 01:15;000,9;000,0;;;;;20773;1595225;5875;190932;52;204;0;0;0;0;0;0;0;;0,50;0,50;0,50;0,00;0,00;0,00;13934,00;13735,00;12380,00;0,05;0,05;0,06;;0,50;0,50;0,50;0,00;0,00;0,00;2,00;0,00;0,00;2,09;2,12;0,69;0,50;0,00;0,52;0,53;1,00;0,96;0,94;
3.6.2015 01:30;000,8;000,0;;;;;20773;1595225;5875;190932;52;204;0;0;0;0;0;0;0;;0,50;0,50;0,50;0,00;0,00;0,00;13950,00;13732,00;12392,00;0,05;0,05;0,06;;0,50;0,50;0,50;0,00;0,00;0,00;2,00;0,00;0,00;2,09;2,12;0,70;0,50;0,00;0,52;0,53;1,00;0,96;0,94;
3.6.2015 01:45;000,9;000,0;;;;;20773;1595225;5875;190932;52;204;0;0;0;0;0;0;0;;0,50;0,50;0,50;0,00;0,00;0,00;13968,00;13753,00;12402,00;0,05;0,05;0,06;;0,50;0,50;0,75;0,00;0,00;0,56;2,00;0,00;0,56;2,10;2,12;0,43;0,50;0,00;0,52;0,53;1,00;0,95;0,94;
3.6.2015 02:00;000,8;000,0;;;;;20773;1595225;5875;190932;52;204;0;0;0;0;0;0;0;;0,50;0,50;0,50;0,00;0,00;0,00;14029,00;13744,00;12388,00;0,05;0,05;0,06;;0,50;0,50;0,75;0,00;0,00;0,56;2,00;0,00;0,56;2,10;2,12;0,44;0,50;0,00;0,52;0,53;1,00;0,95;0,94;
3.6.2015 02:15;000,9;000,0;;;;;20774;1595225;5875;190932;52;204;0;0;0;0;0;0;0;;0,50;0,50;0,50;0,00;0,00;0,00;13995,00;13762,00;12417,00;0,05;0,05;0,06;;0,50;0,50;0,75;0,00;0,00;0,56;2,00;0,00;0,56;2,10;2,12;0,44;0,50;0,00;0,52;0,53;1,00;0,95;0,94;
3.6.2015 02:30;000,8;000,0;;;;;20774;1595225;5875;190932;52;204;0;0;0;0;0;0;0;;0,50;0,50;0,50;0,00;0,00;0,00;13988,00;13766,00;12424,00;0,05;0,05;0,06;;0,50;0,50;0,75;0,00;0,00;0,56;2,00;0,00;0,56;2,10;2,12;0,44;0,50;0,00;0,52;0,53;1,00;0,95;0,94;
3.6.2015 02:45;000,8;000,0;;;;;20774;1595225;5875;190932;52;204;0;0;0;0;0;0;0;;0,50;0,50;0,50;0,00;0,00;0,00;13964,00;13761,00;12431,00;0,05;0,05;0,06;;0,50;0,50;0,75;0,00;0,00;0,56;2,00;0,00;0,56;2,10;2,12;0,44;0,50;0,00;0,52;0,53;1,00;0,95;0,94;
3.6.2015 03:00;000,9;000,0;;;;;20774;1595225;5875;190932;52;204;0;0;0;0;0;0;0;;0,50;0,50;0,50;0,00;0,00;0,00;13981,00;13745,00;12425,00;0,05;0,05;0,06;;0,50;0,50;0,75;0,00;0,00;0,56;2,00;0,00;0,56;2,10;2,12;0,44;0,50;0,00;0,52;0,53;1,00;0,95;0,94;
3.6.2015 03:15;000,8;000,0;;;;;20774;1595225;5875;190932;52;204;0;0;0;0;0;0;0;;0,50;0,50;0,50;0,00;0,00;0,00;14042,00;13755,00;12425,00;0,05;0,05;0,06;;0,50;0,50;0,75;0,00;0,00;0,56;2,00;0,00;0,56;2,14;2,16;0,59;0,50;0,00;0,53;0,54;1,00;0,94;0,93;
3.6.2015 03:30;000,8;000,0;;;;;20775;1595225;5875;190932;52;204;0;0;0;0;0;0;0;;0,50;0,50;0,50;0,00;0,00;0,00;14015,00;13715,00;12393,00;0,05;0,05;0,06;;0,50;0,50;0,75;0,00;0,00;0,56;2,00;0,00;0,56;2,13;2,15;0,57;0,50;0,00;0,53;0,54;1,00;0,94;0,93;
3.6.2015 03:45;000,9;000,0;;;;;20775;1595225;5875;190932;52;204;0;0;0;0;0;0;0;;0,50;0,50;0,50;0,00;0,00;0,00;13989,00;13735,00;12433,00;0,05;0,05;0,06;;0,50;0,50;0,75;0,00;0,00;0,56;2,00;0,00;0,56;2,10;2,12;0,44;0,50;0,00;0,52;0,53;1,00;0,95;0,94;
3.6.2015 04:00;000,7;000,0;;;;;20775;1595225;5875;190932;52;204;0;0;0;0;0;0;0;;0,50;0,25;0,50;0,00;0,00;0,00;13975,00;13743,00;12429,00;0,05;0,03;0,06;;0,50;0,25;0,50;0,00;0,00;0,00;1,50;0,00;0,00;1,83;1,89;1,15;0,38;0,00;0,46;0,47;1,00;0,82;0,79;
3.6.2015 04:15;000,7;000,0;;;;;20775;1595225;5875;190932;52;204;0;0;0;0;0;0;0;;0,50;0,25;0,50;0,00;0,00;0,00;13998,00;13761,00;12430,00;0,05;0,03;0,06;;0,50;0,25;0,50;0,00;0,00;0,00;1,75;0,00;0,00;1,83;1,89;0,71;0,44;0,00;0,46;0,47;1,00;0,96;0,93;
3.6.2015 04:30;000,7;000,0;;;;;20775;1595225;5875;190932;52;204;0;0;0;0;0;0;0;;0,50;0,25;0,50;0,00;0,00;0,00;13979,00;13759,00;12436,00;0,05;0,03;0,06;;0,50;0,25;0,50;0,00;0,00;0,00;1,75;0,00;0,00;1,83;1,89;0,71;0,44;0,00;0,46;0,47;1,00;0,96;0,93;
3.6.2015 04:45;000,7;000,0;;;;;20776;1595225;5875;190932;52;204;0;0;0;0;0;0;0;;0,50;-0,75;1,00;9,75;8,00;7,75;14010,00;13733,00;12416,00;0,71;0,61;0,65;;9,75;8,25;8,00;nan;1,87;1,71;0,75;26,00;nan;26,29;26,36;NaN;0,19;6,50;6,57;6,59;-0,99;0,03;0,03;
3.6.2015 05:00;000,0;000,4;;;;;20776;1595225;5876;190933;52;204;0;0;0;0;0;0;0;;-0,75;-1,50;0,00;6,00;4,50;4,75;14076,00;13793,00;12448,00;0,46;0,37;0,41;;6,50;5,00;5,00;2,38;1,58;1,56;-2,25;15,50;5,53;16,66;16,72;1,97;-0,56;3,88;4,16;4,18;0,82;-0,14;-0,13;
3.6.2015 05:15;000,0;001,8;;;;;20776;1595225;5876;190934;52;204;0;0;0;0;0;0;0;;-2,25;-2,75;-1,75;1,50;0,50;0,50;14035,00;13829,00;12477,00;0,20;0,21;0,16;;2,75;2,75;2,00;0,50;nan;0,83;-6,75;2,75;nan;7,77;7,78;NaN;-1,69;0,69;1,94;1,95;0,92;-0,87;-0,87;
3.6.2015 05:30;000,0;003,8;;;;;20776;1595226;5876;190934;52;204;0;0;0;0;0;0;0;;-4,25;-4,75;-3,75;1,75;0,50;0,75;14026,00;13831,00;12460,00;0,34;0,37;0,32;;4,75;5,00;3,75;1,20;1,48;nan;-13,00;3,00;nan;13,84;13,85;NaN;-3,25;0,75;3,46;3,46;0,97;-0,94;-0,94;
3.6.2015 05:45;000,0;007,2;;;;;20776;1595228;5876;190934;52;204;0;0;0;0;0;0;0;;-7,00;-7,75;-6,25;1,75;0,50;0,50;14031,00;13799,00;12429,00;0,52;0,58;0,52;;7,25;7,75;6,50;0,71;nan;1,71;-21,25;3,25;nan;21,83;21,86;NaN;-5,31;0,81;5,46;5,47;0,99;-0,97;-0,97;
3.6.2015 06:00;000,0;009,9;;;;;20776;1595230;5876;190935;52;204;0;0;0;0;0;0;0;;-9,50;-10,00;-8,50;2,00;0,50;0,75;13968,00;13839,00;12433,00;0,70;0,74;0,71;;9,75;10,25;8,75;0,90;2,19;1,94;-28,50;3,25;5,03;28,85;28,89;NaN;-7,12;0,81;7,21;7,22;0,99;-0,99;-0,99;
3.6.2015 06:15;000,0;012,7;;;;;20776;1595234;5876;190935;52;204;0;0;0;0;0;0;0;;-11,50;-12,25;-10,25;2,25;0,50;1,00;13940,00;13744,00;12298,00;0,85;0,89;0,86;;11,75;12,25;10,50;0,87;nan;2,05;-34,25;3,75;nan;34,66;34,71;NaN;-8,56;0,94;8,67;8,68;0,99;-0,99;-0,99;
3.6.2015 06:30;000,0;016,5;;;;;20776;1595238;5876;190935;52;204;0;0;0;0;0;0;0;;-17,25;-17,50;-15,25;2,75;0,00;1,25;13949,00;13690,00;12251,00;1,26;1,29;1,25;;17,50;17,50;15,25;1,06;0,00;nan;-50,00;4,00;nan;50,61;50,68;NaN;-12,50;1,00;12,65;12,67;1,00;-0,99;-0,99;
3.6.2015 06:45;000,0;024,3;;;;;20776;1595244;5876;190936;52;204;0;0;0;0;0;0;0;;-25,25;-25,50;-22,50;3,75;0,00;1,75;13974,00;13690,00;12263,00;1,84;1,87;1,84;;25,50;25,50;22,50;nan;0,00;nan;-73,25;5,75;nan;73,87;73,98;NaN;-18,31;1,44;18,47;18,50;1,00;-0,99;-0,99;
3.6.2015 07:00;000,0;034,8;;;;;20776;1595253;5876;190937;52;204;0;0;0;0;0;0;0;;-34,75;-35,50;-31,25;5,25;0,75;2,50;13902,00;13764,00;12299,00;2,54;2,59;2,55;;35,25;35,50;31,25;2,73;nan;nan;-101,50;8,50;nan;102,18;102,33;NaN;-25,38;2,12;25,55;25,58;1,00;-0,99;-0,99;
3.6.2015 07:15;000,0;045,0;;;;;20776;1595264;5876;190938;52;204;0;0;0;0;0;0;0;;-41,00;-41,50;-36,50;6,50;0,75;3,25;13928,00;13717,00;12232,00;3,00;3,04;3,01;;41,75;41,50;36,75;4,45;nan;2,78;-119,50;10,50;nan;120,21;120,39;NaN;-29,88;2,62;30,05;30,10;1,00;-0,99;-0,99;
3.6.2015 07:30;000,0;062,4;;;;;20776;1595280;5876;190939;52;204;0;0;0;0;0;0;0;;-59,75;-59,75;-53,00;9,00;1,00;4,75;13930,00;13656,00;12198,00;4,34;4,39;4,38;;60,25;60,00;53,25;nan;5,38;2,00;-172,75;14,75;nan;173,84;174,14;NaN;-43,19;3,69;43,46;43,54;1,00;-0,99;-0,99;
3.6.2015 07:45;000,0;077,8;;;;;20776;1595299;5876;190941;52;204;0;0;0;0;0;0;0;;-75,25;-75,50;-67,00;11,50;1,75;6,50;13857,00;13644,00;12161,00;5,51;5,53;5,55;;76,25;75,50;67,50;4,39;nan;5,00;-218,00;20,00;nan;219,33;219,72;NaN;-54,50;5,00;54,83;54,93;1,00;-0,99;-0,99;
3.6.2015 08:00;000,0;096,0;;;;;20776;1595323;5876;190943;52;204;0;0;0;0;0;0;0;;-91,50;-91,50;-81,25;14,75;2,75;8,50;13866,00;13638,00;12169,00;6,68;6,72;6,73;;92,75;91,50;81,75;3,57;nan;3,04;-264,50;26,25;nan;266,11;266,57;NaN;-66,12;6,56;66,53;66,64;1,00;-0,99;-0,99;
3.6.2015 08:15;000,0;115,3;;;;;20776;1595352;5876;190946;52;204;0;0;0;0;0;0;0;;-106,25;-106,75;-94,50;18,25;4,25;10,75;13777,00;13597,00;12115,00;7,84;7,86;7,87;;107,75;106,75;95,25;nan;nan;5,17;-307,75;33,75;nan;310,19;310,72;NaN;-76,94;8,44;77,55;77,68;0,99;-0,99;-0,99;
3.6.2015 08:30;000,0;130,8;;;;;20776;1595385;5876;190950;52;204;0;0;0;0;0;0;0;;-120,50;-120,50;-107,50;19,25;4,00;11,50;13769,00;13588,00;12116,00;8,88;8,89;8,93;;122,25;120,75;108,00;7,37;6,66;nan;-348,75;35,25;nan;351,19;351,80;NaN;-87,19;8,81;87,80;87,95;0,99;-0,99;-0,99;
3.6.2015 08:45;000,0;147,2;;;;;20776;1595422;5876;190954;52;204;0;0;0;0;0;0;0;;-133,75;-133,75;-119,00;22,25;5,00;13,50;13806,00;13636,00;12148,00;9,85;9,84;9,88;;135,75;134,00;119,75;6,63;6,48;nan;-387,00;41,00;nan;390,09;390,75;NaN;-96,75;10,25;97,52;97,69;0,99;-0,99;-0,99;
3.6.2015 09:00;000,0;162,2;;;;;20776;1595462;5876;190958;52;204;0;0;0;0;0;0;0;;-145,75;-146,50;-130,50;25,00;6,75;15,00;13766,00;13627,00;12175,00;10,76;10,77;10,81;;148,00;146,75;131,50;5,99;5,27;6,08;-423,25;47,00;17,35;426,43;427,11;27,83;-105,81;11,75;106,61;106,78;0,99;-0,99;-0,99;
3.6.2015 09:15;000,0;176,5;;;;;20776;1595507;5876;190963;52;204;0;0;0;0;0;0;0;;-158,25;-158,00;-140,75;27,75;7,75;17,75;13825,00;13588,00;12153,00;11,63;11,64;11,69;;160,75;158,00;142,00;5,24;nan;6,19;-457,25;53,50;nan;461,18;461,96;NaN;-114,31;13,38;115,30;115,49;0,99;-0,99;-0,99;
3.6.2015 09:30;000,0;189,5;;;;;20776;1595554;5876;190969;52;204;0;0;0;0;0;0;0;;-169,75;-169,50;-150,75;31,00;9,00;19,75;13854,00;13633,00;12149,00;12,47;12,46;12,52;;172,50;169,75;152,00;nan;1,95;nan;-490,25;60,00;nan;494,67;495,54;NaN;-122,56;15,00;123,67;123,88;0,99;-0,99;-0,99;
3.6.2015 09:45;000,0;202,0;;;;;20776;1595605;5876;190975;52;204;0;0;0;0;0;0;0;;-179,75;-178,75;-159,50;31,25;8,00;20,25;13831,00;13595,00;12123,00;13,21;13,17;13,27;;182,50;179,00;160,75;4,43;5,04;nan;-518,25;59,75;nan;522,57;523,50;NaN;-129,56;14,94;130,64;130,88;0,99;-0,99;-0,99;
3.6.2015 10:00;000,0;213,0;;;;;20776;1595658;5876;190981;52;204;0;0;0;0;0;0;0;;-189,25;-188,00;-167,50;33,25;9,00;21,75;13871,00;13609,00;12147,00;13,86;13,85;13,93;;192,25;188,25;169,00;6,24;3,61;5,63;-545,00;64,25;15,48;549,82;550,80;44,56;-136,25;16,06;137,45;137,70;0,99;-0,99;-0,99;
3.6.2015 10:15;000,0;222,5;;;;;20776;1595714;5876;190988;52;204;0;0;0;0;0;0;0;;-196,75;-196,00;-174,50;35,75;10,25;23,00;13849,00;13589,00;12124,00;14,45;14,45;14,53;;200,00;196,25;176,25;3,37;nan;9,21;-567,75;69,00;nan;572,80;573,84;NaN;-141,94;17,25;143,20;143,46;0,99;-0,99;-0,99;
3.6.2015 10:30;000,0;231,3;;;;;20776;1595771;5876;190995;52;204;0;0;0;0;0;0;0;;-204,25;-204,25;-182,00;37,75;11,50;24,00;13803,00;13596,00;12148,00;15,05;15,05;15,12;;207,75;204,50;183,50;4,12;nan;nan;-590,50;73,75;nan;596,10;597,10;NaN;-147,62;18,44;149,02;149,28;0,99;-0,99;-0,99;
3.6.2015 10:45;000,0;239,1;;;;;20776;1595831;5876;191002;52;204;0;0;0;0;0;0;0;;-210,00;-210,50;-187,25;39,50;12,25;25,00;13828,00;13628,00;12173,00;15,46;15,48;15,53;;213,75;210,75;189,00;5,37;nan;5,78;-607,75;77,00;nan;613,72;614,74;NaN;-151,94;19,25;153,43;153,69;0,99;-0,99;-0,99;
3.6.2015 11:00;000,0;247,3;;;;;20776;1595893;5876;191010;52;204;0;0;0;0;0;0;0;;-216,75;-216,50;-193,25;41,00;13,50;26,50;13829,00;13616,00;12165,00;15,96;15,95;16,03;;220,50;217,00;195,00;nan;5,87;nan;-626,75;81,25;nan;632,86;633,93;NaN;-156,69;20,31;158,22;158,48;0,99;-0,99;-0,99;
3.6.2015 11:15;000,0;254,5;;;;;20776;1595957;5876;191019;52;204;0;0;0;0;0;0;0;;-222,75;-222,50;-198,25;42,75;14,25;28,00;13824,00;13589,00;12144,00;16,42;16,42;16,49;;226,75;223,00;200,25;nan;4,44;3,61;-643,75;85,25;nan;650,41;651,51;NaN;-160,94;21,31;162,60;162,88;0,99;-0,99;-0,99;
3.6.2015 11:30;000,0;261,5;;;;;20776;1596022;5876;191028;52;204;0;0;0;0;0;0;0;;-227,50;-226,75;-201,25;44,75;14,25;29,50;13820,00;13545,00;12087,00;16,78;16,78;16,84;;231,75;227,25;203,50;nan;4,89;6,36;-655,50;88,75;nan;662,76;663,93;NaN;-163,88;22,19;165,69;165,98;0,99;-0,99;-0,99;
3.6.2015 11:45;000,0;268,1;;;;;20776;1596089;5876;191037;52;204;0;0;0;0;0;0;0;;-235,25;-235,00;-209,00;47,00;15,75;31,25;13807,00;13586,00;12130,00;17,41;17,36;17,43;;240,00;235,75;211,25;6,96;10,25;nan;-679,50;94,50;nan;687,79;688,93;NaN;-169,88;23,62;171,95;172,23;0,99;-0,99;-0,99;
3.6.2015 12:00;000,0;266,4;;;;;20776;1596156;5876;191046;52;204;0;0;0;0;0;0;0;;-213,25;-213,25;-190,00;40,25;13,00;25,75;13806,00;13594,00;12153,00;15,73;15,74;15,80;;217,00;213,75;192,00;nan;6,67;10,05;-617,00;79,50;nan;623,06;624,09;NaN;-154,25;19,88;155,76;156,02;0,99;-0,99;-0,99;
3.6.2015 12:15;000,0;246,1;;;;;20776;1596217;5876;191054;52;204;0;0;0;0;0;0;0;;-252,50;-253,00;-226,25;51,50;20,00;34,50;13808,00;13593,00;12217,00;18,68;18,67;18,74;;257,75;253,75;228,75;5,15;nan;nan;-731,75;106,25;nan;740,63;741,75;NaN;-182,94;26,56;185,16;185,44;0,99;-0,99;-0,99;
3.6.2015 12:30;000,0;290,1;;;;;20776;1596290;5876;191064;52;204;0;0;0;0;0;0;0;;-250,75;-251,75;-223,50;51,75;19,00;33,75;13834,00;13651,00;12180,00;18,52;18,51;18,58;;256,25;252,50;226,25;10,51;4,15;9,89;-726,50;104,75;24,54;735,26;736,48;54,95;-181,62;26,19;183,82;184,12;0,99;-0,99;-0,99;
3.6.2015 12:45;000,0;257,8;;;;;20776;1596354;5876;191073;52;204;0;0;0;0;0;0;0;;-273,25;-274,25;-243,75;59,50;23,75;39,50;13807,00;13599,00;12156,00;20,26;20,26;20,32;;279,50;275,25;247,00;nan;nan;5,89;-791,25;122,75;nan;802,09;803,40;NaN;-197,81;30,69;200,52;200,85;0,99;-0,99;-0,98;
3.6.2015 13:00;000,0;140,6;;;;;20776;1596389;5876;191077;52;204;0;0;0;0;0;0;0;;-79,25;-79,25;-71,00;12,00;2,25;7,00;13745,00;13494,00;12056,00;5,84;5,89;5,92;;80,25;79,25;71,25;3,94;nan;nan;-229,50;21,25;nan;231,02;231,46;NaN;-57,38;5,31;57,76;57,87;1,00;-0,99;-0,99;
3.6.2015 13:15;000,0;225,8;;;;;20776;1596446;5876;191085;52;204;0;0;0;0;0;0;0;;-262,75;-263,25;-233,75;55,25;21,25;37,00;13834,00;13621,00;12151,00;19,41;19,40;19,48;;268,50;264,25;236,75;1,46;8,71;6,52;-760,00;113,50;16,69;769,36;770,68;56,48;-190,00;28,38;192,34;192,67;0,99;-0,99;-0,99;
3.6.2015 13:30;000,0;267,4;;;;;20776;1596513;5876;191094;52;204;0;0;0;0;0;0;0;;-232,00;-232,75;-207,25;46,00;16,50;30,00;13760,00;13593,00;12139,00;17,20;17,18;17,26;;236,50;233,50;209,50;nan;8,80;6,14;-672,50;92,75;nan;679,85;680,96;NaN;-168,12;23,19;169,96;170,24;0,99;-0,99;-0,99;
3.6.2015 13:45;000,0;239,2;;;;;20776;1596573;5876;191102;52;204;0;0;0;0;0;0;0;;-255,25;-245,00;-222,25;48,00;15,50;39,75;14147,00;13383,00;12252,00;18,37;18,36;18,45;;259,75;245,50;226,00;3,67;2,24;10,04;-723,00;103,25;15,95;731,64;732,99;60,19;-180,75;25,81;182,91;183,25;0,99;-0,99;-0,99;
3.6.2015 14:00;000,0;175,0;;;;;20776;1596616;5876;191107;52;204;0;0;0;0;0;0;0;;-120,25;-119,25;-106,75;18,25;3,50;11,25;13900,00;13613,00;12151,00;8,75;8,77;8,86;;121,50;119,25;107,50;nan;nan;5,84;-346,50;33,50;nan;348,71;349,40;NaN;-86,62;8,38;87,18;87,35;1,00;-0,99;-0,99;
3.6.2015 14:15;000,0;187,6;;;;;20776;1596663;5876;191113;52;204;0;0;0;0;0;0;0;;-138,50;-138,00;-123,00;22,50;4,50;13,50;13825,00;13574,00;12115,00;10,16;10,18;10,23;;140,25;138,00;123,75;nan;nan;1,68;-399,75;41,00;nan;402,52;403,24;NaN;-99,94;10,25;100,63;100,81;0,99;-0,99;-0,99;
3.6.2015 14:30;000,0;200,3;;;;;20776;1596713;5876;191119;52;204;0;0;0;0;0;0;0;;-245,00;-245,25;-217,75;49,25;17,00;32,25;13911,00;13688,00;12212,00;17,97;17,97;18,03;;250,00;245,75;220,25;7,03;nan;7,41;-708,00;99,00;nan;716,16;717,39;NaN;-177,00;24,75;179,04;179,35;0,99;-0,99;-0,99;
3.6.2015 14:45;000,0;234,9;;;;;20776;1596772;5876;191127;52;204;0;0;0;0;0;0;0;;-205,50;-205,00;-182,25;38,25;11,00;24,75;13861,00;13608,00;12139,00;15,10;15,09;15,15;;209,25;205,25;183,75;9,60;nan;nan;-592,75;74,00;nan;598,51;599,57;NaN;-148,19;18,50;149,63;149,89;0,99;-0,99;-0,99;
3.6.2015 15:00;000,0;240,5;;;;;20776;1596832;5876;191134;52;204;0;0;0;0;0;0;0;;-166,75;-166,50;-148,75;28,00;7,25;17,50;13881,00;13668,00;12209,00;12,19;12,20;12,28;;169,25;166,50;149,75;7,48;nan;nan;-482,25;53,00;nan;485,86;486,71;NaN;-120,56;13,25;121,46;121,68;0,99;-0,99;-0,99;
3.6.2015 15:15;000,0;137,4;;;;;20776;1596866;5876;191138;52;204;0;0;0;0;0;0;0;;-90,75;-90,50;-81,00;13,75;2,50;8,00;13866,00;13614,00;12138,00;6,63;6,67;6,72;;91,75;90,75;81,50;nan;6,25;4,15;-262,50;24,50;nan;264,27;264,80;NaN;-65,62;6,12;66,07;66,20;1,00;-0,99;-0,99;
3.6.2015 15:30;000,0;202,0;;;;;20776;1596917;5876;191144;52;204;0;0;0;0;0;0;0;;-192,75;-192,25;-171,50;34,50;9,75;22,00;13895,00;13648,00;12193,00;14,10;14,11;14,18;;195,75;192,50;172,75;nan;1,06;nan;-556,50;66,50;nan;561,45;562,44;NaN;-139,12;16,62;140,36;140,61;0,99;-0,99;-0,99;
3.6.2015 15:45;000,0;191,8;;;;;20776;1596965;5876;191150;52;204;0;0;0;0;0;0;0;;-180,25;-179,75;-160,25;31,50;8,25;19,75;13903,00;13677,00;12208,00;13,17;13,17;13,24;;183,00;180,00;161,50;2,59;4,68;3,48;-520,50;59,75;10,75;524,73;525,65;41,22;-130,12;14,94;131,18;131,41;0,99;-0,99;-0,99;
3.6.2015 16:00;000,0;193,1;;;;;20776;1597013;5876;191155;52;204;0;0;0;0;0;0;0;;-177,00;-176,25;-157,50;30,50;7,75;19,25;13874,00;13635,00;12204,00;12,95;12,94;13,01;;179,50;176,50;158,50;nan;5,30;nan;-510,75;57,75;nan;514,89;515,74;NaN;-127,69;14,44;128,72;128,94;0,99;-0,99;-0,99;
3.6.2015 16:15;000,0;186,1;;;;;20776;1597059;5876;191160;52;204;0;0;0;0;0;0;0;;-119,75;-119,50;-107,25;18,50;3,75;10,75;13872,00;13664,00;12217,00;8,74;8,77;8,83;;121,25;119,75;107,75;4,39;6,76;nan;-346,75;33,25;nan;348,88;349,51;NaN;-86,69;8,31;87,22;87,38;1,00;-0,99;-0,99;
3.6.2015 16:30;000,0;171,2;;;;;20776;1597102;5876;191165;52;204;0;0;0;0;0;0;0;;-139,25;-138,50;-123,50;22,50;4,50;13,75;13920,00;13635,00;12172,00;10,15;10,17;10,23;;141,00;138,50;124,25;nan;nan;nan;-401,50;40,75;nan;404,35;405,10;NaN;-100,38;10,19;101,09;101,27;0,99;-0,99;-0,99;
3.6.2015 16:45;000,0;150,6;;;;;20776;1597139;5876;191169;52;204;0;0;0;0;0;0;0;;-116,50;-115,75;-103,25;18,50;3,50;11,25;13947,00;13643,00;12181,00;8,47;8,50;8,55;;118,00;115,75;104,00;3,08;nan;5,37;-335,75;33,50;nan;338,11;338,76;NaN;-83,94;8,38;84,53;84,69;1,00;-0,99;-0,99;
3.6.2015 17:00;000,0;107,0;;;;;20776;1597166;5876;191171;52;204;0;0;0;0;0;0;0;;-91,25;-91,25;-81,25;14,75;3,00;8,50;13873,00;13658,00;12182,00;6,66;6,70;6,71;;92,25;91,50;81,75;nan;6,06;3,04;-264,00;26,50;nan;265,78;266,24;NaN;-66,00;6,62;66,44;66,56;0,99;-0,99;-0,99;
3.6.2015 17:15;000,0;117,8;;;;;20776;1597196;5876;191174;52;204;0;0;0;0;0;0;0;;-91,00;-91,50;-81,50;14,75;3,25;8,25;13859,00;13656,00;12232,00;6,67;6,71;6,72;;92,25;91,50;82,00;3,39;nan;3,70;-264,50;26,50;nan;266,21;266,64;NaN;-66,12;6,62;66,55;66,66;0,99;-0,99;-0,99;
3.6.2015 17:30;000,0;077,2;;;;;20776;1597215;5876;191176;52;204;0;0;0;0;0;0;0;;-30,75;-31,25;-27,50;4,25;0,00;2,00;13970,00;13694,00;12252,00;2,23;2,29;2,28;;31,00;31,25;27,75;nan;0,00;3,13;-89,75;6,25;nan;90,35;90,53;NaN;-22,44;1,56;22,59;22,63;1,00;-0,99;-0,99;
3.6.2015 17:45;000,0;046,0;;;;;20776;1597226;5876;191177;52;204;0;0;0;0;0;0;0;;-33,25;-33,50;-29,75;5,00;0,50;2,50;13997,00;13727,00;12259,00;2,41;2,45;2,44;;33,75;33,50;29,75;2,92;nan;nan;-96,75;8,50;nan;97,41;97,59;NaN;-24,19;2,12;24,35;24,40;1,00;-0,99;-0,99;
3.6.2015 18:00;000,0;033,3;;;;;20776;1597234;5876;191178;52;204;0;0;0;0;0;0;0;;-28,00;-28,75;-25,25;4,25;0,50;2,00;13944,00;13773,00;12310,00;2,05;2,09;2,07;;28,50;28,75;25,50;3,19;nan;2,95;-82,25;7,00;nan;82,88;83,02;NaN;-20,56;1,75;20,72;20,75;1,00;-0,99;-0,99;
3.6.2015 18:15;000,0;054,6;;;;;20776;1597248;5876;191179;52;204;0;0;0;0;0;0;0;;-63,75;-64,00;-56,75;9,50;1,00;5,00;14005,00;13797,00;12309,00;4,61;4,64;4,64;;64,50;64,00;57,00;2,44;nan;1,85;-184,75;16,00;nan;185,76;186,08;NaN;-46,19;4,00;46,44;46,52;1,00;-0,99;-0,99;
3.6.2015 18:30;000,0;064,8;;;;;20776;1597264;5876;191181;52;204;0;0;0;0;0;0;0;;-44,00;-44,25;-39,00;6,50;0,75;3,50;14049,00;13813,00;12326,00;3,17;3,21;3,19;;44,50;44,25;39,25;1,41;nan;2,70;-127,25;11,00;nan;128,19;128,41;NaN;-31,81;2,75;32,05;32,10;1,00;-0,99;-0,99;
3.6.2015 18:45;000,0;035,4;;;;;20776;1597273;5876;191181;52;204;0;0;0;0;0;0;0;;-18,25;-18,75;-16,50;3,00;0,50;1,50;13998,00;13789,00;12299,00;1,34;1,38;1,35;;18,50;18,75;16,50;0,43;nan;nan;-53,75;5,00;nan;54,32;54,41;NaN;-13,44;1,25;13,58;13,60;1,00;-0,99;-0,99;
3.6.2015 19:00;000,0;025,2;;;;;20776;1597279;5876;191182;52;204;0;0;0;0;0;0;0;;-20,25;-21,00;-18,25;3,25;0,50;1,50;13946,00;13772,00;12292,00;1,48;1,53;1,50;;20,50;21,00;18,50;nan;nan;2,63;-59,75;5,50;nan;60,25;60,35;NaN;-14,94;1,38;15,06;15,09;1,00;-0,99;-0,99;
3.6.2015 19:15;000,0;021,1;;;;;20776;1597285;5876;191182;52;204;0;0;0;0;0;0;0;;-16,00;-16,50;-14,50;2,75;0,50;1,25;13941,00;13767,00;12287,00;1,17;1,21;1,19;;16,25;16,50;14,50;0,71;nan;nan;-47,00;4,75;nan;47,53;47,61;NaN;-11,75;1,19;11,88;11,90;0,99;-0,99;-0,99;
3.6.2015 19:30;000,0;016,9;;;;;20776;1597289;5876;191183;52;204;0;0;0;0;0;0;0;;-12,75;-13,50;-11,75;2,25;0,50;1,00;13954,00;13767,00;12312,00;0,95;1,00;0,97;;13,00;13,50;11,75;1,17;nan;nan;-38,50;4,00;nan;38,89;38,97;NaN;-9,62;1,00;9,72;9,74;0,99;-0,99;-0,99;
3.6.2015 19:45;000,0;013,8;;;;;20776;1597292;5876;191183;52;204;0;0;0;0;0;0;0;;-10,25;-10,75;-9,25;2,00;0,75;1,00;14003,00;13793,00;12321,00;0,76;0,79;0,77;;10,50;10,75;9,50;1,09;nan;1,92;-30,50;4,00;nan;31,03;31,08;NaN;-7,62;1,00;7,76;7,77;0,99;-0,98;-0,98;
3.6.2015 20:00;000,0;010,1;;;;;20776;1597295;5876;191184;52;204;0;0;0;0;0;0;0;;-5,75;-6,50;-5,50;1,75;0,75;0,75;13965,00;13775,00;12295,00;0,44;0,49;0,46;;6,00;6,50;5,50;nan;nan;nan;-18,00;3,50;nan;18,52;18,56;NaN;-4,50;0,88;4,63;4,64;0,98;-0,97;-0,97;
3.6.2015 20:15;000,0;003,9;;;;;20776;1597296;5876;191184;52;204;0;0;0;0;0;0;0;;-0,50;-1,25;-0,50;1,25;0,75;0,50;13957,00;13761,00;12278,00;0,13;0,14;0,10;;1,75;1,75;1,00;1,12;0,97;0,71;-2,75;3,00;2,79;4,90;4,92;NaN;-0,69;0,75;1,22;1,23;0,46;-0,56;-0,56;
3.6.2015 20:30;000,4;000,2;;;;;20776;1597296;5877;191184;52;204;0;0;0;0;0;0;0;;1,00;0,00;1,00;9,50;8,50;8,00;13913,00;13743,00;12271,00;0,69;0,64;0,67;;9,50;8,75;8,00;nan;2,08;nan;2,00;26,00;nan;26,62;26,67;NaN;0,50;6,50;6,65;6,67;0,91;0,08;0,07;
3.6.2015 20:45;001,1;000,0;;;;;20776;1597296;5877;191184;52;204;0;0;0;0;0;0;0;;1,00;0,75;0,75;0,00;0,00;0,00;13933,00;13759,00;12289,00;0,09;0,06;0,07;;1,00;0,75;0,75;0,00;0,00;0,00;2,75;0,00;0,00;2,87;2,90;0,92;0,69;0,00;0,72;0,72;1,00;0,96;0,95;
3.6.2015 21:00;001,2;000,0;;;;;20776;1597296;5877;191184;52;204;0;0;0;0;0;0;0;;1,00;0,75;0,75;0,00;0,00;0,00;13943,00;13748,00;12291,00;0,09;0,06;0,07;;1,00;0,75;0,75;0,00;0,00;0,00;2,75;0,00;0,00;2,90;2,93;1,00;0,69;0,00;0,73;0,73;1,00;0,95;0,94;
3.6.2015 21:15;001,1;000,0;;;;;20777;1597296;5877;191184;52;204;0;0;0;0;0;0;0;;1,00;0,75;0,75;0,00;0,00;0,00;13954,00;13750,00;12296,00;0,09;0,06;0,07;;1,00;0,75;0,75;0,00;0,00;0,00;2,75;0,00;0,00;2,87;2,90;0,92;0,69;0,00;0,72;0,73;1,00;0,96;0,95;
3.6.2015 21:30;001,1;000,0;;;;;20777;1597296;5877;191184;52;204;0;0;0;0;0;0;0;;1,00;0,75;0,75;0,00;0,00;0,00;13964,00;13762,00;12300,00;0,09;0,06;0,07;;1,00;0,75;0,75;0,00;0,00;0,00;2,75;0,00;0,00;2,91;2,93;1,01;0,69;0,00;0,73;0,73;1,00;0,95;0,94;
3.6.2015 21:45;001,1;000,0;;;;;20777;1597296;5877;191184;52;204;0;0;0;0;0;0;0;;1,00;0,75;0,75;0,00;0,00;0,00;13938,00;13771,00;12325,00;0,09;0,06;0,07;;1,00;0,75;0,75;0,00;0,00;0,00;2,75;0,00;0,00;2,87;2,90;0,93;0,69;0,00;0,72;0,73;1,00;0,96;0,95;
3.6.2015 22:00;001,2;000,0;;;;;20777;1597296;5877;191184;52;204;0;0;0;0;0;0;0;;1,00;0,75;0,75;0,00;0,00;0,00;13930,00;13802,00;12374,00;0,09;0,06;0,07;;1,00;0,75;0,75;0,00;0,00;0,00;2,75;0,00;0,00;2,91;2,94;1,03;0,69;0,00;0,73;0,73;1,00;0,94;0,94;
3.6.2015 22:15;001,1;000,0;;;;;20778;1597296;5877;191184;52;204;0;0;0;0;0;0;0;;1,00;0,75;0,75;0,00;0,00;0,00;14027,00;13801,00;12342,00;0,09;0,06;0,07;;1,00;0,75;0,75;0,00;0,00;0,00;2,75;0,00;0,00;2,92;2,94;1,04;0,69;0,00;0,73;0,74;1,00;0,94;0,94;
3.6.2015 22:30;001,2;000,0;;;;;20778;1597296;5877;191184;52;204;0;0;0;0;0;0;0;;1,00;0,75;0,75;0,00;0,00;0,00;13965,00;13801,00;12355,00;0,09;0,06;0,07;;1,00;0,75;0,75;0,00;0,00;0,00;2,75;0,00;0,00;2,91;2,94;1,03;0,69;0,00;0,73;0,73;1,00;0,94;0,94;
3.6.2015 22:45;001,1;000,0;;;;;20778;1597296;5877;191184;52;204;0;0;0;0;0;0;0;;1,00;0,75;0,75;0,00;0,00;0,00;13971,00;13800,00;12368,00;0,09;0,06;0,07;;1,00;0,75;0,75;0,00;0,00;0,00;2,75;0,00;0,00;2,88;2,91;0,95;0,69;0,00;0,72;0,73;1,00;0,95;0,94;
3.6.2015 23:00;001,1;000,0;;;;;20779;1597296;5877;191184;52;204;0;0;0;0;0;0;0;;1,00;0,75;0,75;0,00;0,00;0,00;14004,00;13832,00;12374,00;0,09;0,06;0,07;;1,00;0,75;0,75;0,00;0,00;0,00;2,75;0,00;0,00;2,92;2,94;1,05;0,69;0,00;0,73;0,74;1,00;0,94;0,93;
3.6.2015 23:15;001,2;000,0;;;;;20779;1597296;5877;191184;52;204;0;0;0;0;0;0;0;;1,00;0,75;0,75;0,00;0,00;0,00;14017,00;13841,00;12382,00;0,09;0,06;0,07;;1,00;0,75;0,75;0,00;0,00;0,00;2,75;0,00;0,00;2,92;2,95;1,06;0,69;0,00;0,73;0,74;1,00;0,94;0,93;
3.6.2015 23:30;001,1;000,0;;;;;20779;1597296;5877;191184;52;204;0;0;0;0;0;0;0;;1,00;0,75;0,75;0,00;0,00;0,00;14011,00;13856,00;12418,00;0,09;0,06;0,07;;1,00;0,75;0,75;0,00;0,00;0,00;2,75;0,00;0,00;2,93;2,95;1,07;0,69;0,00;0,73;0,74;1,00;0,94;0,93;
3.6.2015 23:45;001,2;000,0;;;;;20779;1597296;5877;191184;52;204;0;0;0;0;0;0;0;;1,00;0,75;0,75;0,00;0,00;0,00;14041,00;13863,00;12431,00;0,09;0,06;0,07;;1,00;0,75;0,75;0,00;0,00;0,00;2,75;0,00;0,00;2,96;2,99;1,16;0,69;0,00;0,74;0,75;1,00;0,93;0,92;
4.6.2015 00:00;001,1;000,0;;;;;20780;1597296;5877;191184;52;204;0;0;0;0;0;0;0;;1,00;0,75;0,75;0,00;0,00;0,00;14065,00;13907,00;12449,00;0,09;0,06;0,07;;1,00;0,75;0,75;0,00;0,00;0,00;2,75;0,00;0,00;2,97;2,99;1,18;0,69;0,00;0,74;0,75;1,00;0,93;0,92;
4.6.2015 00:15;001,2;000,0;;;;;20780;1597296;5877;191184;52;204;0;0;0;0;0;0;0;;1,00;0,75;0,75;0,00;0,00;0,00;14137,00;13900,00;12443,00;0,09;0,06;0,07;;1,00;0,75;0,75;0,00;0,00;0,00;2,75;0,00;0,00;3,01;3,04;1,29;0,69;0,00;0,75;0,76;1,00;0,91;0,91;
4.6.2015 00:30;001,2;000,0;;;;;20780;1597296;5877;191184;52;204;0;0;0;0;0;0;0;;1,00;0,75;0,75;0,00;0,00;0,00;14097,00;13913,00;12448,00;0,09;0,06;0,07;;1,00;0,75;0,75;0,00;0,00;0,00;2,75;0,00;0,00;3,01;3,03;1,28;0,69;0,00;0,75;0,76;1,00;0,91;0,91;
4.6.2015 00:45;001,1;000,0;;;;;20781;1597296;5877;191184;52;204;0;0;0;0;0;0;0;;1,00;0,75;0,75;0,00;0,00;0,00;14101,00;13913,00;12459,00;0,09;0,06;0,07;;1,00;0,75;0,75;0,00;0,00;0,00;2,75;0,00;0,00;3,01;3,03;1,28;0,69;0,00;0,75;0,76;1,00;0,91;0,91;
4.6.2015 01:00;001,2;000,0;;;;;20781;1597296;5877;191184;52;204;0;0;0;0;0;0;0;;1,00;0,75;0,75;0,00;0,00;0,00;14010,00;13818,00;12367,00;0,09;0,06;0,07;;1,00;0,75;0,75;0,00;0,00;0,00;2,75;0,00;0,00;2,92;2,94;1,05;0,69;0,00;0,73;0,74;1,00;0,94;0,93;
4.6.2015 01:15;001,1;000,0;;;;;20781;1597296;5877;191184;52;204;0;0;0;0;0;0;0;;1,00;0,75;0,75;0,00;0,00;0,00;14014,00;13800,00;12336,00;0,09;0,06;0,07;;1,00;0,75;0,75;0,00;0,00;0,00;2,75;0,00;0,00;2,92;2,94;1,04;0,69;0,00;0,73;0,73;1,00;0,94;0,94;
4.6.2015 01:30;001,1;000,0;;;;;20781;1597296;5877;191184;52;204;0;0;0;0;0;0;0;;0,75;0,75;0,75;0,00;0,00;0,00;13985,00;13841,00;12404,00;0,07;0,06;0,07;;0,75;0,75;0,75;0,00;0,00;0,00;2,50;0,00;0,00;2,61;2,63;0,81;0,62;0,00;0,65;0,66;1,00;0,96;0,95;
4.6.2015 01:45;001,0;000,0;;;;;20782;1597296;5877;191184;52;204;0;0;0;0;0;0;0;;0,75;0,50;0,75;0,00;0,00;0,00;13983,00;13816,00;12393,00;0,07;0,05;0,06;;0,75;0,50;0,75;0,00;0,00;0,00;2,25;0,00;0,00;2,44;2,47;1,01;0,56;0,00;0,61;0,62;1,00;0,92;0,91;
4.6.2015 02:00;000,9;000,0;;;;;20782;1597296;5877;191184;52;204;0;0;0;0;0;0;0;;0,75;0,50;0,75;0,00;0,00;0,00;14048,00;13830,00;12397,00;0,07;0,05;0,06;;0,75;0,50;0,75;0,00;0,00;0,00;2,25;0,00;0,00;2,45;2,47;1,03;0,56;0,00;0,61;0,62;1,00;0,92;0,91;
4.6.2015 02:15;001,0;000,0;;;;;20782;1597296;5877;191184;52;204;0;0;0;0;0;0;0;;0,75;0,50;0,75;0,00;0,00;0,00;14044,00;13815,00;12368,00;0,07;0,05;0,06;;0,75;0,50;0,75;0,00;0,00;0,00;2,25;0,00;0,00;2,44;2,47;1,02;0,56;0,00;0,61;0,62;1,00;0,92;0,91;
4.6.2015 02:30;001,0;000,0;;;;;20782;1597296;5877;191184;52;204;0;0;0;0;0;0;0;;0,75;0,50;0,75;0,00;0,00;0,00;14069,00;13808,00;12377,00;0,07;0,05;0,06;;0,75;0,50;0,75;0,00;0,00;0,00;2,25;0,00;0,00;2,44;2,47;1,02;0,56;0,00;0,61;0,62;1,00;0,92;0,91;
4.6.2015 02:45;001,0;000,0;;;;;20783;1597296;5877;191184;52;204;0;0;0;0;0;0;0;;0,75;0,50;0,75;0,00;0,00;0,00;13985,00;13827,00;12407,00;0,07;0,05;0,06;;0,75;0,50;0,75;0,00;0,00;0,00;2,25;0,00;0,00;2,44;2,47;1,02;0,56;0,00;0,61;0,62;1,00;0,92;0,91;
4.6.2015 03:00;000,9;000,0;;;;;20783;1597296;5877;191184;52;204;0;0;0;0;0;0;0;;0,75;0,50;0,75;0,00;0,00;0,00;14007,00;13757,00;12321,00;0,07;0,05;0,06;;0,75;0,50;0,75;0,00;0,00;0,00;2,25;0,00;0,00;2,43;2,46;1,00;0,56;0,00;0,61;0,62;1,00;0,92;0,91;
4.6.2015 03:15;001,0;000,0;;;;;20783;1597296;5877;191184;52;204;0;0;0;0;0;0;0;;0,75;0,50;0,75;0,00;0,00;0,00;13907,00;13662,00;12283,00;0,07;0,05;0,06;;0,75;0,50;0,75;0,00;0,00;0,00;2,25;0,00;0,00;2,42;2,45;0,96;0,56;0,00;0,61;0,61;1,00;0,93;0,92;
4.6.2015 03:30;000,9;000,0;;;;;20783;1597296;5877;191184;52;204;0;0;0;0;0;0;0;;0,75;0,50;0,75;0,00;0,00;0,00;13902,00;13706,00;12289,00;0,07;0,05;0,06;;0,75;0,50;0,75;0,00;0,00;0,00;2,25;0,00;0,00;2,42;2,45;0,97;0,56;0,00;0,61;0,61;1,00;0,93;0,92;
4.6.2015 03:45;001,0;000,0;;;;;20784;1597296;5877;191184;52;204;0;0;0;0;0;0;0;;0,75;0,50;0,75;0,00;0,00;0,00;13898,00;13684,00;12330,00;0,07;0,05;0,06;;0,75;0,50;0,75;0,00;0,00;0,00;2,25;0,00;0,00;2,42;2,45;0,97;0,56;0,00;0,61;0,61;1,00;0,93;0,92;
4.6.2015 04:00;000,9;000,0;;;;;20784;1597296;5877;191184;52;204;0;0;0;0;0;0;0;;0,75;0,50;0,75;0,00;0,00;0,00;13871,00;13684,00;12325,00;0,07;0,05;0,06;;0,75;0,50;0,75;0,00;0,00;0,00;2,25;0,00;0,00;2,42;2,45;0,97;0,56;0,00;0,61;0,61;1,00;0,93;0,92;
4.6.2015 04:15;001,0;000,0;;;;;20784;1597296;5877;191184;52;204;0;0;0;0;0;0;0;;0,75;0,50;0,75;0,00;0,00;0,00;13906,00;13669,00;12299,00;0,07;0,05;0,06;;0,75;0,50;0,75;0,00;0,00;0,00;2,25;0,00;0,00;2,42;2,45;0,97;0,56;0,00;0,61;0,61;1,00;0,93;0,92;
4.6.2015 04:30;001,0;000,0;;;;;20784;1597296;5877;191184;52;204;0;0;0;0;0;0;0;;0,75;0,50;0,75;0,00;0,00;0,00;13889,00;13699,00;12301,00;0,07;0,05;0,06;;0,75;0,50;0,75;0,00;0,00;0,00;2,25;0,00;0,00;2,42;2,45;0,97;0,56;0,00;0,61;0,61;1,00;0,93;0,92;
4.6.2015 04:45;000,9;000,0;;;;;20785;1597296;5877;191184;52;204;0;0;0;0;0;0;0;;0,75;0,50;0,75;0,00;0,00;0,00;13943,00;13692,00;12290,00;0,07;0,05;0,06;;0,75;0,50;0,75;0,00;0,00;0,00;2,25;0,00;0,00;2,42;2,45;0,97;0,56;0,00;0,61;0,61;1,00;0,93;0,92;
4.6.2015 05:00;001,0;000,0;;;;;20785;1597296;5878;191184;52;204;0;0;0;0;0;0;0;;0,75;0,50;0,75;0,00;0,00;0,00;13914,00;13678,00;12292,00;0,07;0,05;0,06;;0,75;0,50;0,75;0,00;0,00;0,00;2,25;0,00;0,00;2,42;2,45;0,97;0,56;0,00;0,61;0,61;1,00;0,93;0,92;
4.6.2015 05:15;000,8;000,0;;;;;20785;1597296;5879;191184;52;204;0;0;0;0;0;0;0;;0,50;0,00;0,75;5,25;4,50;4,25;13874,00;13672,00;12290,00;0,40;0,34;0,37;;5,50;4,50;4,50;1,56;0,00;1,27;1,25;14,25;2,84;14,75;14,80;2,50;0,31;3,56;3,69;3,70;0,39;0,08;0,08;
4.6.2015 05:30;000,1;000,1;;;;;20785;1597296;5880;191184;52;204;0;0;0;0;0;0;0;;-0,25;-1,00;-0,25;1,25;0,75;0,50;13931,00;13688,00;12285,00;0,12;0,12;0,09;;1,50;1,50;1,00;0,79;0,83;0,83;-1,75;2,75;2,45;4,32;4,33;1,47;-0,44;0,69;1,08;1,08;-0,00;-0,41;-0,40;
4.6.2015 05:45;000,0;001,8;;;;;20785;1597296;5880;191185;52;204;0;0;0;0;0;0;0;;-2,50;-3,00;-2,50;1,25;0,75;0,75;13864,00;13698,00;12300,00;0,22;0,24;0,23;;3,00;3,25;2,75;1,09;1,00;0,87;-8,25;3,00;2,96;9,24;9,26;NaN;-2,06;0,75;2,31;2,31;0,93;-0,89;-0,89;
4.6.2015 06:00;000,0;008,5;;;;;20785;1597298;5880;191185;52;204;0;0;0;0;0;0;0;;-12,50;-13,50;-11,75;2,25;0,75;1,00;13829,00;13679,00;12306,00;0,94;0,99;0,96;;12,75;13,50;11,75;1,12;nan;nan;-38,00;4,25;nan;38,35;38,41;NaN;-9,50;1,06;9,59;9,60;0,99;-0,99;-0,99;
4.6.2015 06:15;000,0;020,9;;;;;20785;1597304;5880;191186;52;204;0;0;0;0;0;0;0;;-21,25;-21,50;-19,00;3,25;0,50;1,50;13872,00;13625,00;12199,00;1,55;1,59;1,58;;21,50;21,50;19,25;0,35;nan;2,70;-62,00;5,50;nan;62,51;62,62;NaN;-15,50;1,38;15,63;15,66;1,00;-0,99;-0,99;
4.6.2015 06:30;000,0;024,6;;;;;20785;1597310;5880;191186;52;204;0;0;0;0;0;0;0;;-20,25;-20,75;-18,25;3,25;0,50;1,50;13831,00;13588,00;12162,00;1,48;1,54;1,51;;20,50;20,75;18,25;nan;nan;nan;-59,25;5,25;nan;59,76;59,87;NaN;-14,81;1,31;14,94;14,97;1,00;-0,99;-0,99;
4.6.2015 06:45;000,0;031,0;;;;;20785;1597318;5880;191187;52;204;0;0;0;0;0;0;0;;-34,75;-35,25;-31,00;5,25;0,75;2,75;13841,00;13608,00;12158,00;2,55;2,60;2,58;;35,25;35,25;31,25;2,73;nan;2,83;-101,25;9,00;nan;102,04;102,22;NaN;-25,31;2,25;25,51;25,55;1,00;-0,99;-0,99;
4.6.2015 07:00;000,0;054,9;;;;;20785;1597331;5880;191188;52;204;0;0;0;0;0;0;0;;-36,00;-36,50;-32,75;5,25;1,25;2,75;13753,00;13629,00;12184,00;2,66;2,69;2,71;;36,50;36,50;33,00;2,95;nan;2,98;-105,50;9,50;nan;106,33;106,53;NaN;-26,38;2,38;26,58;26,63;1,00;-0,99;-0,99;
4.6.2015 07:15;000,0;053,2;;;;;20785;1597345;5880;191189;52;204;0;0;0;0;0;0;0;;-44,50;-44,75;-40,00;6,50;1,25;3,50;13807,00;13570,00;12112,00;3,27;3,32;3,34;;45,00;45,00;40,25;1,58;4,57;2,80;-129,75;11,25;8,95;130,53;130,79;8,07;-32,44;2,81;32,63;32,70;1,00;-0,99;-0,99;
4.6.2015 07:30;000,0;049,7;;;;;20785;1597357;5880;191191;52;204;0;0;0;0;0;0;0;;-43,25;-43,50;-38,50;6,75;1,00;3,75;13854,00;13618,00;12170,00;3,17;3,20;3,19;;43,75;43,50;38,75;nan;nan;2,29;-125,50;11,50;nan;126,38;126,59;NaN;-31,38;2,88;31,60;31,65;1,00;-0,99;-0,99;
4.6.2015 07:45;000,0;067,5;;;;;20785;1597374;5880;191192;52;204;0;0;0;0;0;0;0;;-79,50;-79,25;-70,75;12,00;2,00;7,00;13875,00;13637,00;12193,00;5,80;5,83;5,85;;80,50;79,50;71,25;4,00;5,97;4,69;-229,75;21,25;14,66;231,35;231,75;15,96;-57,44;5,31;57,84;57,94;1,00;-0,99;-0,99;
4.6.2015 08:00;000,0;080,2;;;;;20785;1597394;5880;191194;52;204;0;0;0;0;0;0;0;;-67,75;-68,00;-60,75;10,00;1,75;5,50;13834,00;13682,00;12242,00;4,95;4,98;5,00;;68,50;68,00;61,25;1,48;nan;5,55;-196,75;17,50;nan;197,96;198,29;NaN;-49,19;4,38;49,49;49,57;1,00;-0,99;-0,99;
4.6.2015 08:15;000,0;122,0;;;;;20785;1597425;5880;191197;52;204;0;0;0;0;0;0;0;;-123,75;-123,00;-110,00;19,50;4,25;12,00;13909,00;13637,00;12167,00;9,02;9,05;9,10;;125,50;123,25;110,75;7,48;6,60;4,64;-357,25;35,75;18,72;359,66;360,34;24,22;-89,31;8,94;89,91;90,08;0,99;-0,99;-0,99;
4.6.2015 08:30;000,0;110,7;;;;;20785;1597453;5880;191200;52;204;0;0;0;0;0;0;0;;-131,00;-130,25;-116,00;21,50;4,25;13,50;13843,00;13565,00;12127,00;9,61;9,62;9,65;;133,00;130,50;117,00;8,11;6,86;7,12;-377,75;39,50;22,10;380,55;381,21;24,03;-94,44;9,88;95,14;95,30;0,99;-0,99;-0,99;
4.6.2015 08:45;000,0;152,9;;;;;20785;1597491;5880;191204;52;204;0;0;0;0;0;0;0;;-136,75;-136,25;-121,75;22,50;5,50;13,75;13867,00;13637,00;12178,00;10,00;10,02;10,07;;138,50;136,50;122,50;nan;6,16;nan;-395,00;42,00;nan;397,98;398,68;NaN;-98,75;10,50;99,49;99,67;0,99;-0,99;-0,99;
4.6.2015 09:00;000,0;163,4;;;;;20785;1597532;5880;191208;52;204;0;0;0;0;0;0;0;;-152,00;-151,50;-135,25;26,00;7,00;16,25;13923,00;13701,00;12242,00;11,08;11,10;11,15;;154,25;151,75;136,25;3,61;5,18;2,73;-439,00;49,50;11,52;442,87;443,64;38,93;-109,75;12,38;110,72;110,91;0,99;-0,99;-0,99;
4.6.2015 09:15;000,0;150,8;;;;;20785;1597569;5880;191212;52;204;0;0;0;0;0;0;0;;-127,50;-127,25;-113,75;20,50;4,50;12,50;13858,00;13640,00;12205,00;9,33;9,35;9,39;;129,25;127,50;114,50;5,39;6,59;3,86;-368,75;37,75;15,85;371,40;372,03;27,39;-92,19;9,44;92,85;93,01;0,99;-0,99;-0,99;
4.6.2015 09:30;000,0;184,3;;;;;20785;1597616;5880;191218;52;204;0;0;0;0;0;0;0;;-172,25;-171,75;-153,25;31,25;9,50;20,25;13901,00;13650,00;12199,00;12,60;12,62;12,68;;175,00;172,25;154,50;nan;9,04;nan;-497,50;61,25;nan;502,13;503,01;NaN;-124,38;15,31;125,53;125,75;0,99;-0,99;-0,99;
4.6.2015 09:45;000,0;204,0;;;;;20785;1597667;5880;191224;52;204;0;0;0;0;0;0;0;;-180,50;-180,25;-161,25;30,75;8,75;19,50;13879,00;13673,00;12222,00;13,20;13,21;13,30;;183,00;180,50;162,50;nan;3,69;4,94;-522,25;59,25;nan;526,41;527,33;NaN;-130,56;14,81;131,60;131,83;0,99;-0,99;-0,99;
4.6.2015 10:00;000,0;214,4;;;;;20785;1597720;5880;191230;52;204;0;0;0;0;0;0;0;;-190,00;-189,75;-169,75;33,00;9,75;21,00;13921,00;13711,00;12257,00;13,86;13,86;13,96;;192,75;190,00;171,00;nan;nan;nan;-549,50;64,00;nan;554,19;555,15;NaN;-137,38;16,00;138,55;138,79;0,99;-0,99;-0,99;
4.6.2015 10:15;000,0;224,8;;;;;20785;1597777;5880;191236;52;204;0;0;0;0;0;0;0;;-197,50;-197,00;-175,50;35,25;9,75;22,50;13976,00;13713,00;12240,00;14,36;14,39;14,47;;200,75;197,25;177,00;7,19;1,87;4,74;-570,00;67,50;13,81;575,11;576,16;48,10;-142,50;16,88;143,78;144,04;0,99;-0,99;-0,99;
4.6.2015 10:30;000,0;234,4;;;;;20785;1597835;5880;191244;52;204;0;0;0;0;0;0;0;;-206,25;-205,50;-183,25;37,25;11,00;24,00;13982,00;13720,00;12247,00;15,00;15,01;15,09;;209,75;205,75;184,75;8,27;nan;nan;-595,25;72,75;nan;600,44;601,52;NaN;-148,81;18,19;150,11;150,38;0,99;-0,99;-0,99;
4.6.2015 10:45;000,0;242,8;;;;;20785;1597896;5880;191251;52;204;0;0;0;0;0;0;0;;-214,00;-213,25;-190,50;39,25;12,00;25,50;13992,00;13743,00;12293,00;15,55;15,56;15,64;;217,50;213,75;192,25;nan;8,34;4,42;-618,00;77,00;nan;623,68;624,75;NaN;-154,50;19,25;155,92;156,19;0,99;-0,99;-0,99;
4.6.2015 11:00;000,0;250,3;;;;;20785;1597959;5880;191259;52;204;0;0;0;0;0;0;0;;-220,25;-220,25;-196,50;40,75;13,50;26,50;13995,00;13783,00;12320,00;16,01;16,02;16,11;;224,00;220,75;198,50;2,32;6,18;9,37;-637,25;81,00;17,87;643,41;644,51;49,20;-159,31;20,25;160,85;161,13;0,99;-0,99;-0,99;
4.6.2015 11:15;000,0;257,5;;;;;20785;1598023;5880;191267;52;204;0;0;0;0;0;0;0;;-226,00;-225,25;-200,50;42,75;14,00;28,25;13996,00;13723,00;12237,00;16,45;16,46;16,57;;230,00;225,75;202,50;nan;5,43;2,82;-652,25;85,25;nan;658,75;659,99;NaN;-163,06;21,31;164,69;165,00;0,99;-0,99;-0,99;
4.6.2015 11:30;000,0;262,2;;;;;20785;1598089;5880;191276;52;204;0;0;0;0;0;0;0;;-229,75;-230,25;-205,00;43,75;15,00;28,25;13989,00;13783,00;12303,00;16,73;16,74;16,83;;233,75;230,75;207,00;nan;2,35;5,09;-665,00;87,25;nan;671,82;672,99;NaN;-166,25;21,81;167,95;168,25;0,99;-0,99;-0,99;
4.6.2015 11:45;000,0;266,9;;;;;20785;1598155;5880;191285;52;204;0;0;0;0;0;0;0;;-231,50;-231,50;-206,00;44,50;14,75;28,75;14024,00;13784,00;12305,00;16,82;16,83;16,92;;235,75;232,00;208,25;2,36;3,77;10,27;-669,25;88,25;16,40;676,13;677,33;53,17;-167,31;22,06;169,03;169,33;0,99;-0,99;-0,99;
4.6.2015 12:00;000,0;267,6;;;;;20785;1598222;5880;191294;52;204;0;0;0;0;0;0;0;;-232,75;-233,25;-207,75;45,00;15,50;29,00;13988,00;13778,00;12292,00;16,96;16,98;17,07;;237,25;233,75;209,75;9,49;nan;nan;-674,00;89,75;nan;680,94;682,14;NaN;-168,50;22,44;170,24;170,54;0,99;-0,99;-0,99;
4.6.2015 12:15;000,0;268,8;;;;;20785;1598290;5880;191302;52;204;0;0;0;0;0;0;0;;-234,00;-234,00;-208,50;44,75;15,50;29,50;14006,00;13784,00;12306,00;17,02;17,02;17,14;;238,50;234,50;210,75;11,12;nan;8,55;-677,00;90,25;nan;683,95;685,16;NaN;-169,25;22,56;170,99;171,29;0,99;-0,99;-0,99;
4.6.2015 12:30;000,0;273,3;;;;;20785;1598358;5880;191312;52;204;0;0;0;0;0;0;0;;-238,00;-238,25;-211,75;46,50;16,00;30,25;14016,00;13791,00;12297,00;17,31;17,32;17,42;;242,50;238,75;214,00;0,00;nan;6,55;-688,25;93,00;nan;695,70;696,94;NaN;-172,06;23,25;173,92;174,23;0,99;-0,99;-0,99;
4.6.2015 12:45;000,0;275,7;;;;;20785;1598427;5880;191321;52;204;0;0;0;0;0;0;0;;-236,00;-236,25;-210,00;45,75;15,50;30,00;14008,00;13774,00;12289,00;17,17;17,18;17,27;;240,50;236,75;212,25;7,15;nan;7,08;-682,50;91,50;nan;689,49;690,71;NaN;-170,62;22,88;172,37;172,68;0,99;-0,99;-0,99;
4.6.2015 13:00;000,0;275,4;;;;;20785;1598496;5880;191330;52;204;0;0;0;0;0;0;0;;-239,25;-239,25;-213,00;46,25;16,00;30,50;14021,00;13795,00;12315,00;17,40;17,39;17,47;;243,75;239,75;215,25;5,87;nan;5,77;-691,75;93,25;nan;698,98;700,17;NaN;-172,94;23,31;174,74;175,04;0,99;-0,99;-0,99;
4.6.2015 13:15;000,0;283,2;;;;;20785;1598567;5880;191340;52;204;0;0;0;0;0;0;0;;-250,25;-250,00;-221,75;50,50;17,50;33,50;13998,00;13740,00;12233,00;18,25;18,24;18,34;;255,25;250,50;224,25;nan;nan;nan;-722,00;101,50;nan;730,41;731,75;NaN;-180,50;25,38;182,60;182,94;0,99;-0,99;-0,99;
4.6.2015 13:30;000,0;267,8;;;;;20785;1598632;5880;191349;52;204;0;0;0;0;0;0;0;;-54,25;-54,00;-48,75;8,50;2,25;5,50;13853,00;13585,00;12114,00;3,97;4,00;4,07;;55,00;54,25;49,25;3,11;4,69;4,33;-157,25;16,25;12,13;158,55;158,91;10,67;-39,31;4,06;39,64;39,73;0,99;-0,99;-0,99;
4.6.2015 13:45;000,0;214,5;;;;;20785;1598687;5880;191356;52;204;0;0;0;0;0;0;0;;-242,75;-242,00;-215,50;47,50;16,25;31,50;14033,00;13765,00;12288,00;17,64;17,64;17,74;;247,25;242,50;217,75;nan;nan;nan;-700,50;95,50;nan;708,28;709,56;NaN;-175,12;23,88;177,07;177,39;0,99;-0,99;-0,99;
4.6.2015 14:00;000,0;271,1;;;;;20785;1598755;5880;191365;52;204;0;0;0;0;0;0;0;;-228,00;-227,00;-202,00;43,75;14,00;28,75;13987,00;13724,00;12243,00;16,60;16,58;16,67;;232,00;227,50;204,00;nan;5,59;nan;-657,00;86,75;nan;663,79;664,97;NaN;-164,25;21,69;165,95;166,24;0,99;-0,99;-0,99;
4.6.2015 14:15;000,0;260,8;;;;;20785;1598820;5880;191374;52;204;0;0;0;0;0;0;0;;-220,75;-220,00;-195,75;41,50;13,00;27,00;14011,00;13723,00;12243,00;16,05;16,07;16,16;;224,75;220,25;197,75;7,73;nan;7,62;-636,75;81,75;nan;643,12;644,32;NaN;-159,19;20,44;160,78;161,08;0,99;-0,99;-0,99;
4.6.2015 14:30;000,0;258,9;;;;;20785;1598885;5880;191382;52;204;0;0;0;0;0;0;0;;-224,00;-223,00;-198,00;42,50;12,75;28,00;14041,00;13750,00;12252,00;16,28;16,27;16,35;;228,25;223,25;200,00;10,76;nan;3,46;-645,25;83,50;nan;652,62;653,83;NaN;-161,31;20,88;163,15;163,46;0,99;-0,99;-0,99;
4.6.2015 14:45;000,0;241,4;;;;;20785;1598945;5880;191390;52;204;0;0;0;0;0;0;0;;-224,50;-224,00;-199,25;43,00;13,25;27,75;14002,00;13747,00;12254,00;16,33;16,34;16,42;;228,75;224,50;201,00;8,79;6,98;nan;-648,00;84,00;nan;654,49;655,68;NaN;-162,00;21,00;163,62;163,92;0,99;-0,99;-0,99;
4.6.2015 15:00;000,0;236,3;;;;;20785;1599004;5880;191397;52;204;0;0;0;0;0;0;0;;-227,00;-226,25;-201,00;43,50;13,25;28,25;14006,00;13725,00;12241,00;16,52;16,52;16,59;;231,25;226,75;203,00;7,44;7,14;3,15;-654,50;85,50;17,73;661,22;662,42;52,98;-163,62;21,38;165,31;165,61;0,99;-0,99;-0,99;
4.6.2015 15:15;000,0;248,4;;;;;20785;1599066;5880;191405;52;204;0;0;0;0;0;0;0;;-208,75;-207,75;-184,75;38,25;10,75;25,00;13990,00;13719,00;12233,00;15,19;15,16;15,26;;212,25;208,00;186,50;3,23;nan;4,97;-601,50;74,25;nan;607,13;608,24;NaN;-150,38;18,56;151,78;152,06;0,99;-0,99;-0,99;
4.6.2015 15:30;000,0;233,3;;;;;20785;1599125;5880;191412;52;204;0;0;0;0;0;0;0;;-200,00;-198,75;-176,75;36,25;9,50;23,50;13957,00;13659,00;12178,00;14,57;14,57;14,65;;203,25;199,00;178,25;nan;3,03;nan;-575,75;69,50;nan;580,71;581,79;NaN;-143,94;17,38;145,18;145,45;0,99;-0,99;-0,99;
4.6.2015 15:45;000,0;218,8;;;;;20785;1599179;5880;191419;52;204;0;0;0;0;0;0;0;;-187,25;-185,75;-165,50;32,75;8,00;21,00;14026,00;13699,00;12221,00;13,57;13,59;13,66;;190,25;186,00;166,75;7,74;5,38;nan;-538,75;61,75;nan;543,27;544,31;NaN;-134,69;15,44;135,82;136,08;0,99;-0,99;-0,99;
4.6.2015 16:00;000,0;209,4;;;;;20785;1599231;5880;191425;52;204;0;0;0;0;0;0;0;;-176,50;-175,25;-156,00;30,25;7,00;19,00;14012,00;13693,00;12199,00;12,80;12,82;12,90;;179,25;175,50;157,25;7,95;6,22;5,53;-508,25;56,50;19,70;512,23;513,24;38,96;-127,06;14,12;128,06;128,31;0,99;-0,99;-0,99;
4.6.2015 16:15;000,0;198,1;;;;;20785;1599281;5880;191430;52;204;0;0;0;0;0;0;0;;-169,25;-168,00;-150,00;28,25;6,50;18,00;14020,00;13726,00;12257,00;12,24;12,25;12,34;;171,50;168,00;151,00;nan;nan;nan;-487,25;53,00;nan;490,97;491,89;NaN;-121,81;13,25;122,74;122,97;0,99;-0,99;-0,99;
4.6.2015 16:30;000,0;186,9;;;;;20785;1599327;5880;191435;52;204;0;0;0;0;0;0;0;;-157,75;-157,25;-140,75;25,25;5,75;15,50;14072,00;13845,00;12356,00;11,37;11,38;11,48;;160,00;157,50;141,75;8,80;6,75;6,50;-456,25;47,00;22,05;459,38;460,22;30,76;-114,06;11,75;114,84;115,06;0,99;-0,99;-0,99;
4.6.2015 16:45;000,0;173,4;;;;;20785;1599371;5880;191439;52;204;0;0;0;0;0;0;0;;-143,50;-142,25;-127,25;22,25;4,25;14,00;14074,00;13808,00;12300,00;10,33;10,32;10,43;;145,25;142,50;128,00;3,20;7,29;nan;-413,50;40,75;nan;416,11;416,93;NaN;-103,38;10,19;104,03;104,23;1,00;-0,99;-0,99;
4.6.2015 17:00;000,0;159,1;;;;;20785;1599410;5880;191443;52;204;0;0;0;0;0;0;0;;-131,00;-131,00;-117,50;20,00;4,50;11,75;13989,00;13823,00;12344,00;9,48;9,48;9,58;;132,50;131,00;118,25;nan;nan;6,22;-379,50;36,50;nan;381,92;382,60;NaN;-94,88;9,12;95,48;95,65;1,00;-0,99;-0,99;
4.6.2015 17:15;000,0;143,3;;;;;20785;1599446;5880;191447;52;204;0;0;0;0;0;0;0;;-118,25;-117,75;-105,75;17,75;3,50;10,75;14027,00;13780,00;12314,00;8,54;8,56;8,65;;119,75;117,75;106,50;6,48;nan;6,60;-342,25;32,25;nan;344,29;344,96;NaN;-85,56;8,06;86,07;86,24;1,00;-0,99;-0,99;
4.6.2015 17:30;000,0;129,8;;;;;20785;1599479;5880;191450;52;204;0;0;0;0;0;0;0;;-104,00;-103,50;-93,00;15,25;2,75;9,25;14038,00;13773,00;12315,00;7,49;7,53;7,60;;105,00;103,50;93,50;nan;nan;2,77;-300,50;27,50;nan;302,41;303,01;NaN;-75,12;6,88;75,60;75,75;1,00;-0,99;-0,99;
4.6.2015 17:45;000,0;108,6;;;;;20785;1599506;5880;191452;52;204;0;0;0;0;0;0;0;;-84,25;-84,00;-75,75;12,00;2,50;7,25;14049,00;13816,00;12337,00;6,07;6,09;6,19;;85,00;84,00;76,25;nan;nan;4,84;-244,25;22,00;nan;245,74;246,27;NaN;-61,06;5,50;61,44;61,57;1,00;-0,99;-0,99;
4.6.2015 18:00;000,0;090,2;;;;;20785;1599528;5880;191454;52;204;0;0;0;0;0;0;0;;-71,25;-71,25;-64,25;10,00;2,00;5,75;14051,00;13822,00;12353,00;5,13;5,17;5,24;;72,00;71,25;64,50;2,73;nan;nan;-207,00;17,75;nan;208,14;208,57;NaN;-51,75;4,44;52,03;52,14;1,00;-0,99;-0,99;
4.6.2015 18:15;000,0;073,3;;;;;20785;1599546;5880;191456;52;204;0;0;0;0;0;0;0;;-56,25;-56,25;-50,25;8,00;1,00;4,50;14055,00;13796,00;12335,00;4,05;4,10;4,11;;56,75;56,25;50,50;nan;nan;2,22;-163,00;14,00;nan;164,05;164,36;NaN;-40,75;3,50;41,01;41,09;1,00;-0,99;-0,99;
4.6.2015 18:30;000,0;057,8;;;;;20785;1599561;5880;191457;52;204;0;0;0;0;0;0;0;;-42,50;-43,00;-38,50;6,00;1,00;3,25;13991,00;13822,00;12348,00;3,08;3,12;3,14;;43,00;43,00;38,75;2,60;nan;2,96;-124,25;10,75;nan;125,09;125,33;NaN;-31,06;2,69;31,27;31,33;1,00;-0,99;-0,99;
4.6.2015 18:45;000,0;042,4;;;;;20785;1599571;5880;191458;52;204;0;0;0;0;0;0;0;;-29,00;-29,50;-26,00;4,25;0,50;2,00;14009,00;13810,00;12344,00;2,10;2,14;2,13;;29,25;29,50;26,25;nan;nan;3,01;-84,75;7,25;nan;85,19;85,35;NaN;-21,19;1,81;21,30;21,34;1,00;-0,99;-0,99;
4.6.2015 19:00;000,0;027,7;;;;;20785;1599578;5880;191458;52;204;0;0;0;0;0;0;0;;-19,00;-19,50;-17,25;3,00;0,75;1,50;13974,00;13817,00;12344,00;1,39;1,42;1,42;;19,25;19,50;17,50;0,75;nan;2,54;-56,25;5,25;nan;56,61;56,71;NaN;-14,06;1,31;14,15;14,18;1,00;-0,99;-0,99;
4.6.2015 19:15;000,0;018,5;;;;;20785;1599583;5880;191459;52;204;0;0;0;0;0;0;0;;-12,00;-12,50;-11,00;2,25;0,75;1,00;13951,00;13717,00;12295,00;0,88;0,93;0,91;;12,25;12,75;11,00;1,00;2,40;nan;-35,75;4,25;nan;36,26;36,33;NaN;-8,94;1,06;9,07;9,08;0,99;-0,99;-0,98;
4.6.2015 19:30;000,0;011,2;;;;;20785;1599585;5880;191459;52;204;0;0;0;0;0;0;0;;-7,00;-7,75;-6,50;1,75;0,75;0,75;13941,00;13721,00;12277,00;0,53;0,58;0,55;;7,25;7,75;6,50;0,71;nan;nan;-21,50;3,75;nan;22,14;22,18;NaN;-5,38;0,94;5,53;5,55;0,98;-0,97;-0,97;
4.6.2015 19:45;000,0;007,4;;;;;20785;1599587;5880;191460;52;204;0;0;0;0;0;0;0;;-4,75;-5,50;-4,50;1,50;1,00;0,75;14039,00;13773,00;12280,00;0,37;0,42;0,39;;5,25;5,75;4,75;1,66;1,35;1,32;-15,00;3,50;4,33;15,80;15,85;NaN;-3,75;0,88;3,95;3,96;0,97;-0,95;-0,95;
4.6.2015 19:46;000,0;007,4;;;;;20785;1599587;5880;191460;52;204;0;0;0;0;0;0;0;;-4,50;-5,25;-4,25;1,50;1,00;0,75;13989,00;13781,00;12295,00;0,35;0,40;0,37;;4,75;5,25;4,50;0,25;nan;1,27;-14,25;3,50;nan;14,92;14,96;NaN;-3,56;0,88;3,73;3,74;0,97;-0,95;-0,95;
4.6.2015 20:00;000,0;004,9;;;;;20785;1599588;5880;191460;52;204;0;0;0;0;0;0;0;;-2,75;-3,50;-2,75;1,50;1,00;0,75;14011,00;13752,00;12298,00;0,24;0,28;0,25;;3,25;3,75;3,00;0,87;0,90;0,94;-9,50;3,25;2,70;10,45;10,49;1,35;-2,38;0,81;2,61;2,62;0,94;-0,91;-0,91;
4.6.2015 20:15;000,0;002,6;;;;;20785;1599589;5880;191460;52;204;0;0;0;0;0;0;0;;-0,75;-1,50;-0,75;1,25;1,00;0,50;13977,00;13745,00;12280,00;0,14;0,15;0,12;;1,75;2,00;1,25;0,97;0,87;0,87;-3,50;3,00;2,70;5,36;5,37;0,57;-0,88;0,75;1,34;1,34;0,65;-0,65;-0,65;
4.6.2015 20:30;000,2;000,5;;;;;20785;1599589;5880;191460;52;204;0;0;0;0;0;0;0;;1,00;0,25;0,50;1,00;1,00;0,50;13908,00;13747,00;12280,00;0,12;0,11;0,10;;1,50;1,50;1,00;0,50;1,09;0,71;2,25;2,75;2,30;4,45;4,45;1,39;0,56;0,69;1,11;1,11;0,34;0,51;0,51;
4.6.2015 20:45;001,0;000,0;;;;;20785;1599589;5881;191460;52;204;0;0;0;0;0;0;0;;1,00;0,75;0,75;0,00;0,00;0,00;13960,00;13744,00;12278,00;0,09;0,06;0,07;;1,00;0,75;0,75;0,00;0,00;0,00;2,75;0,00;0,00;2,87;2,90;0,92;0,69;0,00;0,72;0,72;1,00;0,96;0,95;
4.6.2015 21:00;001,1;000,0;;;;;20786;1599589;5881;191460;52;204;0;0;0;0;0;0;0;;1,00;0,75;0,75;0,00;0,00;0,00;13944,00;13746,00;12266,00;0,09;0,06;0,07;;1,00;0,75;0,75;0,00;0,00;0,00;2,75;0,00;0,00;2,87;2,90;0,91;0,69;0,00;0,72;0,72;1,00;0,96;0,95;
