Cas;P+;P-;Q1;Q2;Q3;Q4;A+;A-;AQ1;AQ2;AQ3;AQ4;S;AP1;AP2;AP3;D1;D2;D3;;P1;P2;P3;Q1;Q2;Q3;U1;U2;U3;I1;I2;I3;;S1;S2;S3;D1;D2;D3;P;Q;D;Sa;Sr;N;AP++;AQ++;Asa++;Asr++;cosFi;P/Sa;P/Sr
 ;"1.5";"2.5";"5.5";"6.5";"7.5";"8.5";"1.8";"2.8";"5.8";"6.8";"7.8";"8.8";"9.8";"21.8";"41.8";"61.8";"181.5";"182.5";"183.5"
 ;[kW];[kW];[kvar];[kvar];[kvar];[kvar];[kWh];[kWh];[kvarh];[kvarh];[kvarh];[kvarh];[kVAh];[kWh];[kWh];[kWh];[kvar];[kvar];[kvar]; ;[kW];[kW];[kW];[kvar];[kvar];[kvar];[V];[V];[V];[A];[A];[A]; ;[kVA];[kVA];[kVA];[kvar];[kvar];kvar];[kW];[kvar];[kvar];[kVAh];[kVAh];[kvar];[kWh];[kvarh];[kVAh];[kVAh]
1.5.2015 00:00;000,5;000,0;;;;;20573;1543769;5794;184924;52;204;0;0;0;0;0;0;0;;0,25;0,25;0,50;0,00;0,00;0,00;14194,00;12608,00;13556,00;0,04;0,02;0,04;;0,50;0,25;0,50;0,43;0,00;0,00;1,25;0,00;0,43;1,32;1,35;0,25;0,31;0,00;0,33;0,34;1,00;0,95;0,93;
1.5.2015 00:15;000,5;000,0;;;;;20573;1543769;5794;184924;52;204;0;0;0;0;0;0;0;;0,25;0,25;0,50;0,00;0,00;0,00;14196,00;12607,00;13553,00;0,04;0,02;0,04;;0,50;0,25;0,50;0,43;0,00;0,00;1,25;0,00;0,43;1,32;1,35;0,25;0,31;0,00;0,33;0,34;1,00;0,95;0,93;
1.5.2015 00:30;000,5;000,0;;;;;20573;1543769;5794;184924;52;204;0;0;0;0;0;0;0;;0,25;0,25;0,50;0,00;0,00;0,00;14223,00;12606,00;13538,00;0,04;0,02;0,04;;0,50;0,25;0,50;0,43;0,00;0,00;1,25;0,00;0,43;1,32;1,35;0,25;0,31;0,00;0,33;0,34;1,00;0,94;0,93;
1.5.2015 00:45;000,5;000,0;;;;;20573;1543769;5794;184924;52;204;0;0;0;0;0;0;0;;0,25;0,25;0,50;0,00;0,00;0,00;14247,00;12595,00;13519,00;0,04;0,02;0,04;;0,50;0,25;0,50;0,43;0,00;0,00;1,25;0,00;0,43;1,32;1,35;0,25;0,31;0,00;0,33;0,34;1,00;0,94;0,93;
1.5.2015 01:00;000,5;000,0;;;;;20574;1543769;5794;184924;52;204;0;0;0;0;0;0;0;;0,25;0,25;0,50;0,00;0,00;0,00;14204,00;12627,00;13575,00;0,04;0,02;0,04;;0,50;0,25;0,50;0,43;0,00;0,00;1,25;0,00;0,43;1,36;1,38;0,41;0,31;0,00;0,34;0,35;1,00;0,92;0,90;
1.5.2015 01:15;000,6;000,0;;;;;20574;1543769;5794;184924;52;204;0;0;0;0;0;0;0;;0,25;0,25;0,50;0,00;0,00;0,00;14247,00;12647,00;13591,00;0,04;0,02;0,04;;0,50;0,25;0,50;0,43;0,00;0,00;1,25;0,00;0,43;1,36;1,39;0,42;0,31;0,00;0,34;0,35;1,00;0,92;0,90;
1.5.2015 01:30;000,5;000,0;;;;;20574;1543769;5794;184924;52;204;0;0;0;0;0;0;0;;0,25;0,25;0,50;0,00;0,00;0,00;14255,00;12653,00;13599,00;0,04;0,02;0,04;;0,50;0,25;0,50;0,43;0,00;0,00;1,25;0,00;0,43;1,39;1,41;0,49;0,31;0,00;0,35;0,35;1,00;0,90;0,89;
1.5.2015 01:45;000,5;000,0;;;;;20574;1543769;5794;184924;52;204;0;0;0;0;0;0;0;;0,25;0,25;0,50;0,00;0,00;0,00;14265,00;12652,00;13566,00;0,04;0,02;0,04;;0,50;0,25;0,50;0,43;0,00;0,00;1,25;0,00;0,43;1,39;1,41;0,49;0,31;0,00;0,35;0,35;1,00;0,90;0,89;
1.5.2015 02:00;000,5;000,0;;;;;20574;1543769;5794;184924;52;204;0;0;0;0;0;0;0;;0,25;0,25;0,50;0,00;0,00;0,00;14092,00;12554,00;13486,00;0,04;0,02;0,04;;0,50;0,25;0,50;0,43;0,00;0,00;1,25;0,00;0,43;1,32;1,34;0,21;0,31;0,00;0,33;0,33;1,00;0,95;0,93;
1.5.2015 02:15;000,5;000,0;;;;;20574;1543769;5794;184924;52;204;0;0;0;0;0;0;0;;0,25;0,25;0,50;0,00;0,00;0,00;14098,00;12535,00;13452,00;0,04;0,02;0,04;;0,50;0,25;0,50;0,43;0,00;0,00;1,25;0,00;0,43;1,31;1,34;0,20;0,31;0,00;0,33;0,33;1,00;0,95;0,93;
1.5.2015 02:30;000,5;000,0;;;;;20574;1543769;5794;184924;52;204;0;0;0;0;0;0;0;;0,25;0,25;0,50;0,00;0,00;0,00;14113,00;12541,00;13444,00;0,04;0,02;0,04;;0,50;0,25;0,50;0,43;0,00;0,00;1,25;0,00;0,43;1,31;1,34;0,20;0,31;0,00;0,33;0,33;1,00;0,95;0,93;
1.5.2015 02:45;000,5;000,0;;;;;20574;1543769;5794;184924;52;204;0;0;0;0;0;0;0;;0,25;0,25;0,50;0,00;0,00;0,00;14112,00;12558,00;13460,00;0,04;0,02;0,04;;0,50;0,25;0,50;0,43;0,00;0,00;1,25;0,00;0,43;1,31;1,34;0,21;0,31;0,00;0,33;0,33;1,00;0,95;0,93;
1.5.2015 03:00;000,5;000,0;;;;;20575;1543769;5794;184924;52;204;0;0;0;0;0;0;0;;0,25;0,25;0,50;0,00;0,00;0,00;14007,00;12482,00;13380,00;0,04;0,02;0,04;;0,25;0,25;0,50;0,00;0,00;0,00;1,00;0,00;0,00;1,31;1,33;0,88;0,25;0,00;0,33;0,33;1,00;0,77;0,75;
1.5.2015 03:15;000,5;000,0;;;;;20575;1543769;5794;184924;52;204;0;0;0;0;0;0;0;;0,25;0,25;0,50;0,00;0,00;0,00;14035,00;12475,00;13364,00;0,03;0,02;0,04;;0,25;0,25;0,50;0,00;0,00;0,00;1,00;0,00;0,00;1,27;1,30;0,82;0,25;0,00;0,32;0,32;1,00;0,79;0,77;
1.5.2015 03:30;000,5;000,0;;;;;20575;1543769;5794;184924;52;204;0;0;0;0;0;0;0;;0,25;0,25;0,50;0,00;0,00;0,00;14018,00;12486,00;13375,00;0,03;0,02;0,04;;0,25;0,25;0,50;0,00;0,00;0,00;1,00;0,00;0,00;1,27;1,30;0,82;0,25;0,00;0,32;0,32;1,00;0,79;0,77;
1.5.2015 03:45;000,5;000,0;;;;;20575;1543769;5794;184924;52;204;0;0;0;0;0;0;0;;0,25;0,25;0,50;0,00;0,00;0,00;14036,00;12481,00;13367,00;0,03;0,02;0,04;;0,25;0,25;0,50;0,00;0,00;0,00;1,00;0,00;0,00;1,27;1,30;0,83;0,25;0,00;0,32;0,32;1,00;0,79;0,77;
1.5.2015 04:00;000,5;000,0;;;;;20575;1543769;5794;184924;52;204;0;0;0;0;0;0;0;;0,25;0,25;0,50;0,00;0,00;0,00;14000,00;12479,00;13372,00;0,03;0,02;0,04;;0,25;0,25;0,50;0,00;0,00;0,00;1,00;0,00;0,00;1,27;1,30;0,82;0,25;0,00;0,32;0,32;1,00;0,79;0,77;
1.5.2015 04:15;000,5;000,0;;;;;20575;1543769;5794;184924;52;204;0;0;0;0;0;0;0;;0,25;0,25;0,50;0,00;0,00;0,00;14001,00;12486,00;13382,00;0,03;0,02;0,04;;0,25;0,25;0,50;0,00;0,00;0,00;1,00;0,00;0,00;1,27;1,30;0,82;0,25;0,00;0,32;0,32;1,00;0,79;0,77;
1.5.2015 04:30;000,5;000,0;;;;;20575;1543769;5794;184924;52;204;0;0;0;0;0;0;0;;0,25;0,25;0,50;0,00;0,00;0,00;14043,00;12480,00;13355,00;0,03;0,02;0,04;;0,25;0,25;0,50;0,00;0,00;0,00;1,00;0,00;0,00;1,27;1,30;0,82;0,25;0,00;0,32;0,32;1,00;0,79;0,77;
1.5.2015 04:45;000,5;000,0;;;;;20575;1543769;5794;184924;52;204;0;0;0;0;0;0;0;;0,25;0,25;0,50;0,00;0,00;0,00;14023,00;12483,00;13367,00;0,03;0,02;0,04;;0,25;0,25;0,50;0,00;0,00;0,00;1,00;0,00;0,00;1,27;1,30;0,82;0,25;0,00;0,32;0,32;1,00;0,79;0,77;
1.5.2015 05:00;000,5;000,0;;;;;20576;1543769;5794;184924;52;204;0;0;0;0;0;0;0;;0,25;0,25;0,50;0,00;0,00;0,00;14023,00;12484,00;13378,00;0,03;0,02;0,04;;0,25;0,25;0,50;0,00;0,00;0,00;1,00;0,00;0,00;1,27;1,30;0,83;0,25;0,00;0,32;0,32;1,00;0,79;0,77;
1.5.2015 05:15;000,5;000,0;;;;;20576;1543769;5794;184924;52;204;0;0;0;0;0;0;0;;0,25;0,25;0,50;0,00;0,00;0,00;14055,00;12498,00;13384,00;0,04;0,02;0,04;;0,25;0,25;0,50;0,00;0,00;0,00;1,25;0,00;0,00;1,31;1,33;0,46;0,31;0,00;0,33;0,33;1,00;0,96;0,94;
1.5.2015 05:30;000,3;000,2;;;;;20576;1543769;5794;184924;52;204;0;0;0;0;0;0;0;;-1,00;-1,25;-0,75;1,00;0,50;0,50;14062,00;12513,00;13406,00;0,13;0,14;0,10;;1,75;1,50;1,25;1,03;0,66;0,87;-3,00;2,25;2,56;4,86;4,91;1,87;-0,75;0,56;1,21;1,23;0,73;-0,62;-0,61;
1.5.2015 05:45;000,0;004,0;;;;;20576;1543770;5794;184925;52;204;0;0;0;0;0;0;0;;-4,75;-4,50;-4,50;1,00;0,75;1,00;14130,00;12514,00;13401,00;0,35;0,38;0,36;;5,00;4,50;4,75;1,20;nan;1,15;-13,75;3,00;nan;14,50;14,54;NaN;-3,44;0,75;3,62;3,64;0,98;-0,95;-0,95;
1.5.2015 06:00;000,0;005,8;;;;;20576;1543771;5794;184925;52;204;0;0;0;0;0;0;0;;-5,75;-5,50;-5,50;1,00;0,75;1,00;14073,00;12481,00;13404,00;0,43;0,46;0,43;;5,75;5,50;5,75;nan;nan;1,35;-17,00;3,00;nan;17,42;17,48;NaN;-4,25;0,75;4,36;4,37;0,98;-0,98;-0,97;
1.5.2015 06:15;000,0;006,4;;;;;20576;1543773;5794;184925;52;204;0;0;0;0;0;0;0;;-5,00;-4,75;-4,50;1,00;0,75;1,00;14105,00;12533,00;13465,00;0,37;0,40;0,37;;5,25;4,75;4,75;1,25;nan;1,15;-14,50;3,00;nan;15,18;15,23;NaN;-3,62;0,75;3,80;3,81;0,98;-0,95;-0,95;
1.5.2015 06:30;000,0;008,0;;;;;20576;1543775;5794;184925;52;204;0;0;0;0;0;0;0;;-10,25;-9,50;-9,75;1,00;0,75;1,50;14108,00;12529,00;13471,00;0,74;0,77;0,74;;10,25;9,50;10,00;nan;nan;1,64;-29,50;3,25;nan;29,99;30,05;NaN;-7,38;0,81;7,50;7,51;0,99;-0,98;-0,98;
1.5.2015 06:45;000,0;011,4;;;;;20576;1543778;5794;184926;52;204;0;0;0;0;0;0;0;;-14,75;-13,50;-14,00;0,75;0,75;2,00;14077,00;12491,00;13447,00;1,06;1,09;1,07;;14,75;13,50;14,25;nan;nan;1,75;-42,50;3,75;nan;42,93;43,00;NaN;-10,62;0,94;10,73;10,75;1,00;-0,99;-0,99;
1.5.2015 07:00;000,0;017,2;;;;;20576;1543782;5794;184926;52;204;0;0;0;0;0;0;0;;-10,75;-9,75;-10,00;1,00;0,75;1,50;14039,00;12438,00;13372,00;0,78;0,81;0,78;;10,75;10,00;10,25;nan;2,09;1,68;-31,00;3,50;nan;31,36;31,42;NaN;-7,75;0,88;7,84;7,86;0,99;-0,99;-0,99;
1.5.2015 07:15;000,0;013,0;;;;;20576;1543785;5794;184927;52;204;0;0;0;0;0;0;0;;-15,75;-14,50;-15,25;1,00;0,75;2,00;13979,00;12452,00;13398,00;1,14;1,18;1,16;;16,00;14,50;15,50;2,63;nan;1,92;-45,75;4,00;nan;46,14;46,22;NaN;-11,44;1,00;11,54;11,56;1,00;-0,99;-0,99;
1.5.2015 07:30;000,0;029,6;;;;;20576;1543793;5794;184927;52;204;0;0;0;0;0;0;0;;-38,50;-34,50;-36,75;1,75;1,75;5,25;13981,00;12422,00;13363,00;2,77;2,79;2,78;;38,75;34,50;37,00;4,03;nan;nan;-110,00;9,00;nan;110,64;110,78;NaN;-27,50;2,25;27,66;27,69;1,00;-0,99;-0,99;
1.5.2015 07:45;000,0;061,5;;;;;20576;1543808;5794;184929;52;204;0;0;0;0;0;0;0;;-60,50;-53,75;-57,75;2,50;3,00;8,50;13953,00;12428,00;13352,00;4,35;4,35;4,38;;60,75;54,00;58,50;4,91;4,24;3,86;-172,50;14,25;13,01;173,34;173,53;NaN;-43,12;3,56;43,34;43,38;1,00;-1,00;-0,99;
1.5.2015 08:00;000,0;051,6;;;;;20576;1543821;5794;184930;52;204;0;0;0;0;0;0;0;;-41,75;-37,25;-40,00;1,75;2,25;5,75;13975,00;12343,00;13266,00;2,99;3,03;3,06;;41,75;37,25;40,50;nan;nan;2,68;-119,00;10,00;nan;119,72;119,90;NaN;-29,75;2,50;29,93;29,97;1,00;-0,99;-0,99;
1.5.2015 08:15;000,0;049,9;;;;;20576;1543834;5794;184931;52;204;0;0;0;0;0;0;0;;-48,75;-43,50;-46,50;2,25;2,25;6,75;13943,00;12341,00;13265,00;3,52;3,55;3,56;;49,00;43,75;47,00;4,40;4,09;1,09;-139,00;11,50;9,58;139,95;140,15;9,78;-34,75;2,88;34,99;35,04;1,00;-0,99;-0,99;
1.5.2015 08:30;000,0;054,2;;;;;20576;1543847;5794;184932;52;204;0;0;0;0;0;0;0;;-46,25;-41,50;-44,50;2,00;2,50;6,25;13876,00;12342,00;13269,00;3,35;3,38;3,39;;46,25;41,50;45,00;nan;nan;2,38;-132,25;11,00;nan;133,08;133,26;NaN;-33,06;2,75;33,27;33,31;1,00;-0,99;-0,99;
1.5.2015 08:45;000,0;065,2;;;;;20576;1543864;5794;184933;52;204;0;0;0;0;0;0;0;;-62,75;-55,75;-59,50;3,00;3,00;9,00;13908,00;12326,00;13242,00;4,53;4,55;4,57;;63,00;56,00;60,25;4,74;4,35;2,97;-178,50;15,25;12,06;179,51;179,74;8,05;-44,62;3,81;44,88;44,93;1,00;-0,99;-0,99;
1.5.2015 09:00;000,0;086,3;;;;;20576;1543885;5794;184935;52;204;0;0;0;0;0;0;0;;-87,25;-77,25;-82,25;4,75;4,75;13,50;13955,00;12322,00;13226,00;6,27;6,29;6,32;;87,50;77,25;83,50;4,60;nan;4,99;-247,00;23,25;nan;248,63;248,96;NaN;-61,75;5,81;62,16;62,24;1,00;-0,99;-0,99;
1.5.2015 09:15;000,0;088,7;;;;;20576;1543907;5794;184937;52;204;0;0;0;0;0;0;0;;-77,50;-68,75;-73,50;4,00;4,25;11,50;13914,00;12322,00;13250,00;5,59;5,60;5,63;;77,50;69,00;74,50;nan;4,05;3,97;-220,00;19,75;nan;221,31;221,59;NaN;-55,00;4,94;55,33;55,40;1,00;-0,99;-0,99;
1.5.2015 09:30;000,0;116,4;;;;;20576;1543937;5794;184940;52;204;0;0;0;0;0;0;0;;-94,50;-84,25;-90,50;4,75;5,75;14,00;13891,00;12348,00;13282,00;6,82;6,84;6,90;;94,50;84,50;91,50;nan;3,02;nan;-269,25;24,75;nan;270,87;271,20;NaN;-67,31;6,19;67,72;67,80;1,00;-0,99;-0,99;
1.5.2015 09:45;000,0;157,2;;;;;20576;1543976;5794;184944;52;204;0;0;0;0;0;0;0;;-127,25;-113,00;-120,75;8,00;8,25;20,25;13908,00;12342,00;13266,00;9,18;9,19;9,24;;127,50;113,25;122,50;nan;nan;3,95;-361,25;36,75;nan;363,73;364,18;NaN;-90,31;9,19;90,93;91,04;0,99;-0,99;-0,99;
1.5.2015 10:00;000,0;167,6;;;;;20576;1544018;5794;184949;52;204;0;0;0;0;0;0;0;;-137,00;-121,50;-129,75;8,75;8,25;22,00;14176,00;12546,00;13556,00;9,69;9,71;9,72;;137,25;121,75;131,50;nan;nan;nan;-388,25;39,25;nan;390,89;391,39;NaN;-97,06;9,81;97,72;97,85;0,99;-0,99;-0,99;
1.5.2015 10:00;000,0;123,6;;;;;20576;1544055;5794;184952;52;204;0;0;0;0;0;0;0;;-137,00;-121,50;-129,75;8,75;8,25;22,00;14176,00;12546,00;13556,00;9,69;9,71;9,72;;137,25;121,75;131,50;nan;nan;nan;-388,25;39,25;nan;390,89;391,39;NaN;-97,06;9,81;97,72;97,85;0,99;-0,99;-0,99;
1.5.2015 10:20;000,0;123,6;;;;;20576;1544058;5794;184953;52;204;0;0;0;0;0;0;0;;-105,00;-93,50;-100,00;5,50;5,50;15,50;14155,00;12524,00;13559,00;7,44;7,48;7,47;;105,25;93,50;101,25;4,72;nan;3,36;-298,50;27,00;nan;300,21;300,62;NaN;-74,62;6,75;75,05;75,16;1,00;-0,99;-0,99;
1.5.2015 10:30;000,0;120,0;;;;;20576;1544079;5794;184954;52;204;0;0;0;0;0;0;0;;-129,25;-115,25;-123,00;8,00;7,50;20,00;14140,00;12564,00;13574,00;9,17;9,20;9,18;;129,50;115,50;124,50;0,83;1,20;nan;-367,50;35,75;nan;369,90;370,36;NaN;-91,88;8,94;92,47;92,59;1,00;-0,99;-0,99;
1.5.2015 10:45;000,0;122,8;;;;;20576;1544109;5794;184957;52;204;0;0;0;0;0;0;0;;-87,00;-77,75;-83,00;4,50;4,25;12,25;14137,00;12551,00;13565,00;6,17;6,22;6,20;;87,00;78,00;84,00;nan;4,57;4,12;-248,00;21,25;nan;249,36;249,70;NaN;-62,00;5,31;62,34;62,42;1,00;-0,99;-0,99;
1.5.2015 11:00;000,0;117,6;;;;;20576;1544139;5794;184960;52;204;0;0;0;0;0;0;0;;-125,25;-110,25;-118,00;7,25;6,50;19,75;14220,00;12545,00;13526,00;8,83;8,82;8,85;;125,50;110,50;119,50;3,18;3,60;nan;-353,75;34,00;nan;356,01;356,47;NaN;-88,44;8,50;89,00;89,12;1,00;-0,99;-0,99;
1.5.2015 11:15;000,0;138,3;;;;;20576;1544173;5794;184963;52;204;0;0;0;0;0;0;0;;-94,50;-84,25;-90,00;5,00;5,00;13,75;14146,00;12528,00;13547,00;6,70;6,75;6,74;;94,75;84,50;91,25;4,72;4,15;6,12;-269,25;23,75;14,99;270,72;271,09;14,36;-67,31;5,94;67,68;67,77;1,00;-0,99;-0,99;
1.5.2015 11:30;000,0;125,8;;;;;20576;1544205;5794;184966;52;204;0;0;0;0;0;0;0;;-103,25;-91,50;-97,75;5,50;5,75;15,75;14001,00;12445,00;13368,00;7,40;7,39;7,43;;103,50;91,75;99,25;4,63;3,57;6,89;-293,00;27,25;15,09;294,81;295,13;16,84;-73,25;6,81;73,70;73,78;1,00;-0,99;-0,99;
1.5.2015 11:45;000,0;141,0;;;;;20576;1544240;5794;184970;52;204;0;0;0;0;0;0;0;;-90,75;-81,00;-86,75;4,50;5,25;13,25;13977,00;12435,00;13379,00;6,51;6,54;6,57;;90,75;81,25;87,75;nan;3,61;nan;-258,50;23,25;nan;260,08;260,40;NaN;-64,62;5,81;65,02;65,10;1,00;-0,99;-0,99;
1.5.2015 12:00;000,0;101,1;;;;;20576;1544265;5794;184972;52;204;0;0;0;0;0;0;0;;-92,50;-82,50;-88,50;4,50;5,25;13,50;13943,00;12429,00;13376,00;6,66;6,68;6,72;;92,75;82,75;89,75;5,11;3,71;6,37;-264,00;23,75;15,18;265,68;265,98;15,94;-66,00;5,94;66,42;66,49;1,00;-0,99;-0,99;
1.5.2015 12:15;000,0;080,4;;;;;20576;1544285;5794;184974;52;204;0;0;0;0;0;0;0;;-47,25;-42,25;-45,00;2,25;2,50;6,75;13927,00;12377,00;13343,00;3,41;3,43;3,43;;47,50;42,25;45,75;4,32;nan;4,74;-134,75;11,50;nan;135,71;135,88;NaN;-33,69;2,88;33,93;33,97;1,00;-0,99;-0,99;
1.5.2015 12:30;000,0;056,5;;;;;20576;1544299;5794;184975;52;204;0;0;0;0;0;0;0;;-51,25;-46,00;-49,25;2,50;2,75;7,00;13924,00;12376,00;13344,00;3,70;3,74;3,74;;51,50;46,25;49,75;4,41;3,94;0,71;-146,75;12,50;9,05;147,71;147,91;10,24;-36,69;3,12;36,93;36,98;1,00;-0,99;-0,99;
1.5.2015 12:45;000,0;067,4;;;;;20576;1544316;5794;184977;52;204;0;0;0;0;0;0;0;;-52,50;-46,75;-50,00;2,50;2,75;7,50;13958,00;12393,00;13328,00;3,77;3,80;3,81;;52,50;47,00;50,75;nan;3,98;4,39;-149,50;12,75;nan;150,46;150,66;NaN;-37,38;3,19;37,62;37,67;1,00;-0,99;-0,99;
1.5.2015 13:00;000,0;064,6;;;;;20576;1544332;5794;184978;52;204;0;0;0;0;0;0;0;;-49,00;-44,00;-46,75;2,50;2,50;6,75;13928,00;12405,00;13334,00;3,53;3,56;3,56;;49,00;44,00;47,25;nan;nan;1,20;-140,00;12,00;nan;140,80;140,98;NaN;-35,00;3,00;35,20;35,24;1,00;-0,99;-0,99;
1.5.2015 13:15;000,0;063,8;;;;;20576;1544348;5794;184979;52;204;0;0;0;0;0;0;0;;-47,50;-42,50;-45,75;2,25;2,50;6,50;13961,00;12390,00;13323,00;3,42;3,46;3,48;;47,50;42,75;46,25;nan;3,88;1,94;-136,00;11,50;nan;136,88;137,07;NaN;-34,00;2,88;34,22;34,27;1,00;-0,99;-0,99;
1.5.2015 13:30;000,0;085,8;;;;;20576;1544370;5794;184982;52;204;0;0;0;0;0;0;0;;-111,00;-98,25;-105,50;5,75;6,50;17,00;14030,00;12434,00;13359,00;7,93;7,93;8,01;;111,25;98,50;106,75;4,74;2,63;nan;-314,75;29,50;nan;316,76;317,15;NaN;-78,69;7,38;79,19;79,29;1,00;-0,99;-0,99;
1.5.2015 13:45;000,0;137,1;;;;;20576;1544404;5794;184985;52;204;0;0;0;0;0;0;0;;-144,75;-128,75;-137,25;10,00;10,00;23,75;14032,00;12479,00;13418,00;10,36;10,36;10,40;;145,25;129,00;139,50;6,71;nan;7,66;-411,00;43,75;nan;414,10;414,57;NaN;-102,75;10,94;103,53;103,64;0,99;-0,99;-0,99;
1.5.2015 14:00;000,0;133,4;;;;;20576;1544438;5794;184988;52;204;0;0;0;0;0;0;0;;-92,25;-82,50;-88,75;4,25;5,50;13,50;13957,00;12470,00;13421,00;6,64;6,64;6,70;;92,50;82,75;89,75;5,30;3,33;nan;-263,75;23,50;nan;265,43;265,71;NaN;-65,94;5,88;66,36;66,43;1,00;-0,99;-0,99;
1.5.2015 14:15;000,0;137,6;;;;;20576;1544472;5794;184992;52;204;0;0;0;0;0;0;0;;-145,00;-129,25;-138,00;10,00;10,25;23,75;14016,00;12487,00;13423,00;10,38;10,40;10,44;;145,50;129,75;140,00;6,73;4,94;nan;-412,25;44,50;nan;415,42;415,90;NaN;-103,06;11,12;103,86;103,97;0,99;-0,99;-0,99;
1.5.2015 14:30;000,0;151,4;;;;;20576;1544510;5794;184996;52;204;0;0;0;0;0;0;0;;-119,00;-105,75;-113,25;6,50;7,00;18,25;14029,00;12447,00;13399,00;8,51;8,52;8,58;;119,25;106,00;114,75;4,16;1,98;2,99;-338,00;31,75;9,13;340,33;340,74;27,75;-84,50;7,94;85,08;85,19;1,00;-0,99;-0,99;
1.5.2015 14:45;000,0;091,0;;;;;20576;1544532;5794;184998;52;204;0;0;0;0;0;0;0;;-66,25;-59,25;-63,50;3,25;3,50;9,25;13983,00;12431,00;13376,00;4,75;4,78;4,81;;66,25;59,25;64,25;nan;nan;3,20;-189,00;16,50;nan;190,17;190,42;NaN;-47,25;4,12;47,54;47,60;1,00;-0,99;-0,99;
1.5.2015 15:00;000,0;072,5;;;;;20576;1544551;5794;184999;52;204;0;0;0;0;0;0;0;;-57,00;-51,00;-54,75;2,75;3,25;8,00;13956,00;12428,00;13385,00;4,10;4,13;4,15;;57,25;51,25;55,50;4,58;3,87;4,32;-163,00;14,00;12,78;164,13;164,33;8,79;-40,75;3,50;41,03;41,08;1,00;-0,99;-0,99;
1.5.2015 15:15;000,0;055,0;;;;;20576;1544564;5794;185000;52;204;0;0;0;0;0;0;0;;-43,00;-38,25;-40,75;2,00;2,00;6,00;13960,00;12415,00;13367,00;3,09;3,11;3,11;;43,00;38,50;41,50;nan;3,90;5,07;-122,25;10,25;nan;123,15;123,31;NaN;-30,56;2,56;30,79;30,83;1,00;-0,99;-0,99;
1.5.2015 15:30;000,0;037,7;;;;;20576;1544574;5794;185001;52;204;0;0;0;0;0;0;0;;-27,50;-24,50;-25,75;1,50;1,25;3,75;13973,00;12407,00;13337,00;1,98;1,99;1,97;;27,50;24,50;26,25;nan;nan;3,46;-78,00;6,50;nan;78,50;78,60;NaN;-19,50;1,62;19,62;19,65;1,00;-0,99;-0,99;
1.5.2015 15:45;000,0;032,5;;;;;20576;1544582;5794;185002;52;204;0;0;0;0;0;0;0;;-23,00;-20,50;-21,75;1,00;1,00;3,25;13980,00;12398,00;13344,00;1,66;1,66;1,65;;23,00;20,50;22,00;nan;nan;0,61;-65,50;5,50;nan;65,90;65,98;NaN;-16,38;1,38;16,48;16,50;1,00;-0,99;-0,99;
1.5.2015 16:00;000,0;018,5;;;;;20576;1544586;5794;185002;52;204;0;0;0;0;0;0;0;;-13,75;-12,25;-12,75;1,00;0,75;2,00;13943,00;12426,00;13332,00;0,99;1,00;0,99;;13,75;12,25;13,00;nan;nan;1,56;-39,00;4,25;nan;39,40;39,45;NaN;-9,75;1,06;9,85;9,86;0,99;-0,99;-0,99;
1.5.2015 16:15;000,0;018,7;;;;;20576;1544591;5794;185003;52;204;0;0;0;0;0;0;0;;-17,25;-15,75;-16,25;1,25;0,75;2,25;13943,00;12413,00;13310,00;1,25;1,27;1,24;;17,50;15,75;16,50;2,67;nan;1,77;-49,50;4,25;nan;49,83;49,91;NaN;-12,38;1,06;12,46;12,48;1,00;-0,99;-0,99;
1.5.2015 16:30;000,0;020,8;;;;;20576;1544596;5794;185003;52;204;0;0;0;0;0;0;0;;-15,75;-14,25;-14,75;1,00;0,75;2,00;13964,00;12424,00;13308,00;1,14;1,16;1,13;;15,75;14,25;15,00;nan;nan;1,85;-45,00;4,00;nan;45,30;45,37;NaN;-11,25;1,00;11,33;11,34;1,00;-0,99;-0,99;
1.5.2015 16:45;000,0;015,5;;;;;20576;1544600;5794;185004;52;204;0;0;0;0;0;0;0;;-13,25;-12,25;-12,50;1,00;0,75;2,00;13959,00;12421,00;13307,00;0,97;0,99;0,96;;13,50;12,25;12,75;2,38;nan;1,52;-38,25;4,00;nan;38,65;38,71;NaN;-9,56;1,00;9,66;9,68;0,99;-0,99;-0,99;
1.5.2015 17:00;000,0;021,2;;;;;20576;1544605;5794;185004;52;204;0;0;0;0;0;0;0;;-17,25;-15,50;-16,25;1,00;0,75;2,25;13987,00;12451,00;13322,00;1,25;1,26;1,24;;17,25;15,75;16,50;nan;2,69;1,77;-49,25;4,25;nan;49,75;49,82;NaN;-12,31;1,06;12,44;12,46;1,00;-0,99;-0,99;
1.5.2015 17:15;000,0;026,4;;;;;20576;1544612;5794;185005;52;204;0;0;0;0;0;0;0;;-23,50;-21,25;-22,25;1,25;1,00;3,00;13945,00;12444,00;13317,00;1,69;1,71;1,70;;23,50;21,25;22,50;nan;nan;1,48;-67,25;5,50;nan;67,62;67,71;NaN;-16,81;1,38;16,90;16,93;1,00;-0,99;-0,99;
1.5.2015 17:30;000,0;025,4;;;;;20576;1544618;5794;185005;52;204;0;0;0;0;0;0;0;;-21,75;-19,75;-20,75;1,00;1,00;2,75;13948,00;12466,00;13347,00;1,58;1,59;1,58;;21,75;19,75;21,00;nan;nan;1,70;-62,25;5,00;nan;62,84;62,92;NaN;-15,56;1,25;15,71;15,73;1,00;-0,99;-0,99;
1.5.2015 17:45;000,0;021,2;;;;;20576;1544624;5794;185006;52;204;0;0;0;0;0;0;0;;-21,00;-19,00;-19,75;1,00;0,75;2,75;13968,00;12457,00;13349,00;1,51;1,53;1,51;;21,00;19,00;20,00;nan;nan;1,54;-59,75;5,00;nan;60,27;60,36;NaN;-14,94;1,25;15,07;15,09;1,00;-0,99;-0,99;
1.5.2015 18:00;000,0;022,7;;;;;20576;1544629;5794;185006;52;204;0;0;0;0;0;0;0;;-16,50;-15,00;-15,50;1,00;0,75;2,25;14020,00;12463,00;13324,00;1,18;1,21;1,18;;16,50;15,00;15,50;nan;nan;nan;-47,00;4,25;nan;47,38;47,46;NaN;-11,75;1,06;11,85;11,87;1,00;-0,99;-0,99;
1.5.2015 18:15;000,0;016,7;;;;;20576;1544633;5794;185006;52;204;0;0;0;0;0;0;0;;-10,50;-9,75;-10,00;1,00;0,75;1,50;13947,00;12464,00;13307,00;0,77;0,81;0,77;;10,50;10,00;10,25;nan;2,09;1,68;-30,75;3,50;nan;31,05;31,12;NaN;-7,69;0,88;7,76;7,78;0,99;-0,99;-0,99;
1.5.2015 18:30;000,0;008,0;;;;;20576;1544635;5794;185007;52;204;0;0;0;0;0;0;0;;-2,00;-2,00;-1,50;1,25;0,50;0,75;13938,00;12481,00;13270,00;0,19;0,19;0,15;;2,50;2,25;2,00;0,83;0,90;1,09;-5,75;2,75;2,82;6,94;6,99;0,50;-1,44;0,69;1,74;1,75;0,89;-0,83;-0,82;
1.5.2015 18:45;000,0;002,9;;;;;20576;1544636;5794;185007;52;204;0;0;0;0;0;0;0;;-2,00;-2,00;-1,50;1,25;0,50;0,75;13864,00;12478,00;13201,00;0,18;0,19;0,14;;2,25;2,25;1,75;nan;0,90;0,50;-5,50;2,75;nan;6,72;6,77;NaN;-1,38;0,69;1,68;1,69;0,88;-0,82;-0,81;
1.5.2015 19:00;000,0;001,7;;;;;20576;1544636;5794;185007;52;204;0;0;0;0;0;0;0;;-0,25;-0,50;0,00;1,00;0,50;0,50;13885,00;12498,00;13161,00;0,10;0,09;0,08;;1,25;1,00;1,00;0,71;0,71;0,87;-1,00;2,25;2,28;3,67;3,69;1,53;-0,25;0,56;0,92;0,92;-0,63;-0,27;-0,27;
1.5.2015 19:15;000,0;001,8;;;;;20576;1544637;5794;185008;52;204;0;0;0;0;0;0;0;;-2,50;-2,50;-2,00;1,25;0,50;0,75;13866,00;12479,00;13160,00;0,21;0,22;0,18;;2,75;2,75;2,25;nan;1,03;0,71;-7,00;2,75;nan;7,99;8,04;NaN;-1,75;0,69;2,00;2,01;0,92;-0,88;-0,87;
1.5.2015 19:30;000,0;002,6;;;;;20576;1544638;5794;185008;52;204;0;0;0;0;0;0;0;;-1,25;-1,50;-0,75;1,25;0,50;0,50;13875,00;12475,00;13211,00;0,14;0,14;0,10;;1,75;1,75;1,25;nan;0,75;0,87;-3,50;2,50;nan;5,11;5,17;NaN;-0,88;0,62;1,28;1,29;0,76;-0,69;-0,68;
1.5.2015 19:45;000,3;000,2;;;;;20576;1544638;5795;185008;52;204;0;0;0;0;0;0;0;;0,25;0,25;0,50;0,00;0,00;0,00;13886,00;12463,00;13208,00;0,03;0,02;0,04;;0,25;0,25;0,50;0,00;0,00;0,00;1,00;0,00;0,00;1,26;1,29;0,81;0,25;0,00;0,32;0,32;1,00;0,79;0,78;
1.5.2015 20:00;000,5;000,0;;;;;20576;1544638;5795;185008;52;204;0;0;0;0;0;0;0;;0,25;0,25;0,50;0,00;0,00;0,00;13942,00;12434,00;13177,00;0,03;0,02;0,04;;0,25;0,25;0,50;0,00;0,00;0,00;1,00;0,00;0,00;1,26;1,29;0,81;0,25;0,00;0,31;0,32;1,00;0,79;0,78;
1.5.2015 20:15;000,5;000,0;;;;;20576;1544638;5795;185008;52;204;0;0;0;0;0;0;0;;0,25;0,25;0,50;0,00;0,00;0,00;13875,00;12415,00;13181,00;0,03;0,02;0,04;;0,25;0,25;0,50;0,00;0,00;0,00;1,00;0,00;0,00;1,26;1,28;0,80;0,25;0,00;0,31;0,32;1,00;0,80;0,78;
1.5.2015 20:30;000,5;000,0;;;;;20576;1544638;5795;185008;52;204;0;0;0;0;0;0;0;;0,25;0,25;0,25;0,00;0,00;0,00;13846,00;12378,00;13195,00;0,03;0,02;0,04;;0,25;0,25;0,50;0,00;0,00;0,43;1,00;0,00;0,43;1,26;1,28;0,67;0,25;0,00;0,31;0,32;1,00;0,80;0,78;
1.5.2015 20:45;000,5;000,0;;;;;20576;1544638;5795;185008;52;204;0;0;0;0;0;0;0;;0,25;0,25;0,25;0,00;0,00;0,00;13865,00;12380,00;13184,00;0,03;0,02;0,04;;0,25;0,25;0,50;0,00;0,00;0,43;1,00;0,00;0,43;1,26;1,28;0,67;0,25;0,00;0,31;0,32;1,00;0,80;0,78;
1.5.2015 21:00;000,5;000,0;;;;;20576;1544638;5795;185008;52;204;0;0;0;0;0;0;0;;0,25;0,25;0,50;0,00;0,00;0,00;13877,00;12406,00;13235,00;0,03;0,02;0,04;;0,25;0,25;0,50;0,00;0,00;0,00;1,00;0,00;0,00;1,26;1,28;0,81;0,25;0,00;0,31;0,32;1,00;0,79;0,78;
1.5.2015 21:15;000,5;000,0;;;;;20577;1544638;5795;185008;52;204;0;0;0;0;0;0;0;;0,25;0,25;0,50;0,00;0,00;0,00;13870,00;12394,00;13230,00;0,03;0,02;0,04;;0,25;0,25;0,50;0,00;0,00;0,00;1,00;0,00;0,00;1,26;1,28;0,80;0,25;0,00;0,31;0,32;1,00;0,79;0,78;
1.5.2015 21:30;000,4;000,0;;;;;20577;1544638;5795;185008;52;204;0;0;0;0;0;0;0;;0,25;0,25;0,50;0,00;0,00;0,00;13915,00;12445,00;13249,00;0,03;0,02;0,04;;0,25;0,25;0,50;0,00;0,00;0,00;1,00;0,00;0,00;1,26;1,29;0,81;0,25;0,00;0,32;0,32;1,00;0,79;0,78;
1.5.2015 21:45;000,5;000,0;;;;;20577;1544638;5795;185008;52;204;0;0;0;0;0;0;0;;0,25;0,25;0,50;0,00;0,00;0,00;13944,00;12423,00;13202,00;0,03;0,02;0,04;;0,25;0,25;0,50;0,00;0,00;0,00;1,00;0,00;0,00;1,26;1,29;0,81;0,25;0,00;0,32;0,32;1,00;0,79;0,78;
1.5.2015 22:00;000,5;000,0;;;;;20577;1544638;5795;185008;52;204;0;0;0;0;0;0;0;;0,25;0,25;0,50;0,00;0,00;0,00;13945,00;12408,00;13214,00;0,03;0,02;0,04;;0,25;0,25;0,50;0,00;0,00;0,00;1,00;0,00;0,00;1,26;1,29;0,81;0,25;0,00;0,32;0,32;1,00;0,79;0,78;
1.5.2015 22:15;000,5;000,0;;;;;20577;1544638;5795;185008;52;204;0;0;0;0;0;0;0;;0,25;0,25;0,25;0,00;0,00;0,00;13945,00;12470,00;13158,00;0,03;0,02;0,04;;0,25;0,25;0,50;0,00;0,00;0,43;1,00;0,00;0,43;1,26;1,29;0,68;0,25;0,00;0,32;0,32;1,00;0,79;0,78;
1.5.2015 22:30;000,5;000,0;;;;;20577;1544638;5795;185008;52;204;0;0;0;0;0;0;0;;0,25;0,25;0,50;0,00;0,00;0,00;13929,00;12522,00;13182,00;0,03;0,02;0,04;;0,25;0,25;0,50;0,00;0,00;0,00;1,00;0,00;0,00;1,26;1,29;0,81;0,25;0,00;0,32;0,32;1,00;0,79;0,78;
1.5.2015 22:45;000,5;000,0;;;;;20577;1544638;5795;185008;52;204;0;0;0;0;0;0;0;;0,25;0,25;0,50;0,00;0,00;0,00;13915,00;12539,00;13192,00;0,03;0,02;0,04;;0,25;0,25;0,50;0,00;0,00;0,00;1,00;0,00;0,00;1,26;1,29;0,81;0,25;0,00;0,32;0,32;1,00;0,79;0,78;
1.5.2015 23:00;000,5;000,0;;;;;20577;1544638;5795;185008;52;204;0;0;0;0;0;0;0;;0,25;0,25;0,50;0,00;0,00;0,00;13917,00;12517,00;13168,00;0,03;0,02;0,04;;0,25;0,25;0,50;0,00;0,00;0,00;1,00;0,00;0,00;1,26;1,29;0,81;0,25;0,00;0,32;0,32;1,00;0,79;0,78;
1.5.2015 23:15;000,5;000,0;;;;;20578;1544638;5795;185008;52;204;0;0;0;0;0;0;0;;0,25;0,25;0,50;0,00;0,00;0,00;13976,00;12518,00;13207,00;0,03;0,02;0,04;;0,25;0,25;0,50;0,00;0,00;0,00;1,00;0,00;0,00;1,26;1,29;0,82;0,25;0,00;0,32;0,32;1,00;0,79;0,78;
1.5.2015 23:30;000,5;000,0;;;;;20578;1544638;5795;185008;52;204;0;0;0;0;0;0;0;;0,25;0,25;0,50;0,00;0,00;0,00;13931,00;12505,00;13215,00;0,03;0,02;0,04;;0,25;0,25;0,50;0,00;0,00;0,00;1,00;0,00;0,00;1,26;1,29;0,81;0,25;0,00;0,32;0,32;1,00;0,79;0,78;
1.5.2015 23:45;000,5;000,0;;;;;20578;1544638;5795;185008;52;204;0;0;0;0;0;0;0;;0,25;0,25;0,50;0,00;0,00;0,00;13953,00;12526,00;13222,00;0,03;0,02;0,04;;0,25;0,25;0,50;0,00;0,00;0,00;1,00;0,00;0,00;1,26;1,29;0,82;0,25;0,00;0,32;0,32;1,00;0,79;0,78;
2.5.2015 00:00;000,4;000,0;;;;;20578;1544638;5795;185008;52;204;0;0;0;0;0;0;0;;0,25;0,25;0,50;0,00;0,00;0,00;13955,00;12533,00;13264,00;0,03;0,02;0,04;;0,25;0,25;0,50;0,00;0,00;0,00;1,00;0,00;0,00;1,27;1,29;0,82;0,25;0,00;0,32;0,32;1,00;0,79;0,77;
2.5.2015 00:15;000,5;000,0;;;;;20578;1544638;5795;185008;52;204;0;0;0;0;0;0;0;;0,25;0,25;0,50;0,00;0,00;0,00;14012,00;12555,00;13330,00;0,03;0,02;0,04;;0,25;0,25;0,50;0,00;0,00;0,00;1,00;0,00;0,00;1,27;1,30;0,83;0,25;0,00;0,32;0,32;1,00;0,79;0,77;
2.5.2015 00:30;000,5;000,0;;;;;20578;1544638;5795;185008;52;204;0;0;0;0;0;0;0;;0,25;0,25;0,50;0,00;0,00;0,00;14066,00;12532,00;13313,00;0,03;0,02;0,04;;0,25;0,25;0,50;0,00;0,00;0,00;1,00;0,00;0,00;1,27;1,30;0,83;0,25;0,00;0,32;0,32;1,00;0,79;0,77;
2.5.2015 00:45;000,5;000,0;;;;;20578;1544638;5795;185008;52;204;0;0;0;0;0;0;0;;0,25;0,25;0,50;0,00;0,00;0,00;14030,00;12504,00;13279,00;0,03;0,02;0,04;;0,25;0,25;0,50;0,00;0,00;0,00;1,00;0,00;0,00;1,27;1,29;0,82;0,25;0,00;0,32;0,32;1,00;0,79;0,77;
2.5.2015 01:00;000,5;000,0;;;;;20578;1544638;5795;185008;52;204;0;0;0;0;0;0;0;;0,25;0,25;0,50;0,00;0,00;0,00;14027,00;12506,00;13302,00;0,03;0,02;0,04;;0,25;0,25;0,50;0,00;0,00;0,00;1,00;0,00;0,00;1,27;1,29;0,82;0,25;0,00;0,32;0,32;1,00;0,79;0,77;
2.5.2015 01:15;000,5;000,0;;;;;20579;1544638;5795;185008;52;204;0;0;0;0;0;0;0;;0,25;0,25;0,50;0,00;0,00;0,00;14033,00;12510,00;13309,00;0,03;0,02;0,04;;0,25;0,25;0,50;0,00;0,00;0,00;1,00;0,00;0,00;1,27;1,30;0,82;0,25;0,00;0,32;0,32;1,00;0,79;0,77;
2.5.2015 01:30;000,5;000,0;;;;;20579;1544638;5795;185008;52;204;0;0;0;0;0;0;0;;0,25;0,25;0,50;0,00;0,00;0,00;14032,00;12513,00;13310,00;0,03;0,02;0,04;;0,25;0,25;0,50;0,00;0,00;0,00;1,00;0,00;0,00;1,27;1,30;0,82;0,25;0,00;0,32;0,32;1,00;0,79;0,77;
2.5.2015 01:45;000,5;000,0;;;;;20579;1544638;5795;185008;52;204;0;0;0;0;0;0;0;;0,25;0,25;0,50;0,00;0,00;0,00;14013,00;12506,00;13305,00;0,03;0,02;0,04;;0,25;0,25;0,50;0,00;0,00;0,00;1,00;0,00;0,00;1,27;1,29;0,82;0,25;0,00;0,32;0,32;1,00;0,79;0,77;
2.5.2015 02:00;000,5;000,0;;;;;20579;1544638;5795;185008;52;204;0;0;0;0;0;0;0;;0,25;0,25;0,50;0,00;0,00;0,00;13983,00;12527,00;13341,00;0,03;0,02;0,04;;0,25;0,25;0,50;0,00;0,00;0,00;1,00;0,00;0,00;1,27;1,30;0,82;0,25;0,00;0,32;0,32;1,00;0,79;0,77;
2.5.2015 02:15;000,5;000,0;;;;;20579;1544638;5795;185008;52;204;0;0;0;0;0;0;0;;0,25;0,25;0,50;0,00;0,00;0,00;14019,00;12501,00;13326,00;0,03;0,02;0,04;;0,25;0,25;0,50;0,00;0,00;0,00;1,00;0,00;0,00;1,27;1,30;0,82;0,25;0,00;0,32;0,32;1,00;0,79;0,77;
2.5.2015 02:30;000,5;000,0;;;;;20579;1544638;5795;185008;52;204;0;0;0;0;0;0;0;;0,25;0,25;0,50;0,00;0,00;0,00;14042,00;12513,00;13320,00;0,03;0,02;0,04;;0,25;0,25;0,50;0,00;0,00;0,00;1,00;0,00;0,00;1,27;1,30;0,82;0,25;0,00;0,32;0,32;1,00;0,79;0,77;
2.5.2015 02:45;000,5;000,0;;;;;20579;1544638;5795;185008;52;204;0;0;0;0;0;0;0;;0,25;0,25;0,50;0,00;0,00;0,00;14043,00;12510,00;13318,00;0,03;0,02;0,04;;0,25;0,25;0,50;0,00;0,00;0,00;1,00;0,00;0,00;1,27;1,30;0,82;0,25;0,00;0,32;0,32;1,00;0,79;0,77;
2.5.2015 03:00;000,5;000,0;;;;;20579;1544638;5795;185008;52;204;0;0;0;0;0;0;0;;0,25;0,25;0,50;0,00;0,00;0,00;13987,00;12505,00;13298,00;0,03;0,02;0,04;;0,25;0,25;0,50;0,00;0,00;0,00;1,00;0,00;0,00;1,27;1,29;0,82;0,25;0,00;0,32;0,32;1,00;0,79;0,77;
2.5.2015 03:15;000,5;000,0;;;;;20580;1544638;5795;185008;52;204;0;0;0;0;0;0;0;;0,25;0,25;0,50;0,00;0,00;0,00;13954,00;12470,00;13268,00;0,03;0,02;0,04;;0,25;0,25;0,50;0,00;0,00;0,00;1,00;0,00;0,00;1,26;1,29;0,82;0,25;0,00;0,32;0,32;1,00;0,79;0,78;
2.5.2015 03:30;000,5;000,0;;;;;20580;1544638;5795;185008;52;204;0;0;0;0;0;0;0;;0,25;0,25;0,50;0,00;0,00;0,00;13974,00;12462,00;13258,00;0,03;0,02;0,04;;0,25;0,25;0,50;0,00;0,00;0,00;1,00;0,00;0,00;1,26;1,29;0,82;0,25;0,00;0,32;0,32;1,00;0,79;0,78;
2.5.2015 03:45;000,5;000,0;;;;;20580;1544638;5795;185008;52;204;0;0;0;0;0;0;0;;0,25;0,25;0,50;0,00;0,00;0,00;13974,00;12468,00;13274,00;0,03;0,02;0,04;;0,25;0,25;0,50;0,00;0,00;0,00;1,00;0,00;0,00;1,27;1,29;0,82;0,25;0,00;0,32;0,32;1,00;0,79;0,77;
2.5.2015 04:00;000,5;000,0;;;;;20580;1544638;5795;185008;52;204;0;0;0;0;0;0;0;;0,25;0,25;0,50;0,00;0,00;0,00;13964,00;12467,00;13274,00;0,03;0,02;0,04;;0,25;0,25;0,50;0,00;0,00;0,00;1,00;0,00;0,00;1,27;1,29;0,82;0,25;0,00;0,32;0,32;1,00;0,79;0,77;
2.5.2015 04:15;000,5;000,0;;;;;20580;1544638;5795;185008;52;204;0;0;0;0;0;0;0;;0,25;0,25;0,50;0,00;0,00;0,00;13944,00;12496,00;13251,00;0,03;0,02;0,04;;0,25;0,25;0,50;0,00;0,00;0,00;1,00;0,00;0,00;1,26;1,29;0,81;0,25;0,00;0,32;0,32;1,00;0,79;0,78;
2.5.2015 04:30;000,5;000,0;;;;;20580;1544638;5795;185008;52;204;0;0;0;0;0;0;0;;0,25;0,25;0,50;0,00;0,00;0,00;13932,00;12522,00;13207,00;0,03;0,02;0,04;;0,25;0,25;0,50;0,00;0,00;0,00;1,00;0,00;0,00;1,26;1,29;0,81;0,25;0,00;0,32;0,32;1,00;0,79;0,78;
2.5.2015 04:45;000,4;000,0;;;;;20580;1544638;5795;185008;52;204;0;0;0;0;0;0;0;;0,25;0,25;0,50;0,00;0,00;0,00;13905,00;12564,00;13203,00;0,03;0,02;0,04;;0,25;0,25;0,50;0,00;0,00;0,00;1,00;0,00;0,00;1,26;1,29;0,81;0,25;0,00;0,32;0,32;1,00;0,79;0,78;
2.5.2015 05:00;000,5;000,0;;;;;20580;1544638;5795;185008;52;204;0;0;0;0;0;0;0;;0,25;0,25;0,50;0,00;0,00;0,00;13897,00;12564,00;13215,00;0,03;0,02;0,04;;0,25;0,25;0,50;0,00;0,00;0,00;1,00;0,00;0,00;1,26;1,29;0,81;0,25;0,00;0,32;0,32;1,00;0,79;0,78;
2.5.2015 05:15;000,5;000,0;;;;;20581;1544638;5795;185008;52;204;0;0;0;0;0;0;0;;0,25;0,25;0,50;0,00;0,00;0,00;14061,00;12683,00;13334,00;0,04;0,02;0,04;;0,50;0,25;0,50;0,43;0,00;0,00;1,25;0,00;0,43;1,31;1,34;0,19;0,31;0,00;0,33;0,33;1,00;0,95;0,94;
2.5.2015 05:30;000,5;000,0;;;;;20581;1544638;5795;185008;52;204;0;0;0;0;0;0;0;;0,25;0,25;0,50;0,00;0,00;0,00;14063,00;12649,00;13317,00;0,04;0,02;0,04;;0,25;0,25;0,50;0,00;0,00;0,00;1,25;0,00;0,00;1,31;1,34;0,47;0,31;0,00;0,33;0,33;1,00;0,95;0,94;
2.5.2015 05:45;000,6;000,0;;;;;20581;1544638;5795;185008;52;204;0;0;0;0;0;0;0;;0,25;0,25;0,50;0,00;0,00;0,00;14051,00;12669,00;13334,00;0,04;0,02;0,04;;0,50;0,25;0,50;0,43;0,00;0,00;1,25;0,00;0,43;1,31;1,34;0,19;0,31;0,00;0,33;0,33;1,00;0,95;0,94;
2.5.2015 06:00;000,1;000,1;;;;;20581;1544638;5796;185009;52;204;0;0;0;0;0;0;0;;-0,75;-0,50;0,00;1,25;0,50;1,00;14083,00;12688,00;13315,00;0,13;0,09;0,11;;1,75;1,00;1,25;0,97;0,71;0,75;-1,25;3,00;2,43;4,34;4,37;1,63;-0,31;0,75;1,08;1,09;-0,74;-0,29;-0,29;
2.5.2015 06:15;000,0;000,6;;;;;20581;1544638;5796;185010;52;204;0;0;0;0;0;0;0;;-0,75;-1,00;-0,25;1,00;0,50;0,50;14029,00;12648,00;13310,00;0,12;0,12;0,09;;1,50;1,25;1,00;0,83;0,56;0,83;-2,25;2,50;2,22;4,40;4,43;1,84;-0,56;0,62;1,10;1,11;0,44;-0,51;-0,51;
2.5.2015 06:30;000,0;001,5;;;;;20581;1544638;5796;185010;52;204;0;0;0;0;0;0;0;;-1,75;-1,75;-1,25;1,00;0,50;0,75;14009,00;12630,00;13279,00;0,16;0,16;0,14;;2,25;2,00;1,75;1,00;0,83;0,97;-5,00;2,50;2,80;6,15;6,18;NaN;-1,25;0,62;1,54;1,55;0,88;-0,81;-0,81;
2.5.2015 06:45;000,0;003,0;;;;;20581;1544639;5796;185011;52;204;0;0;0;0;0;0;0;;-3,75;-3,50;-3,25;1,00;0,50;1,00;13986,00;12620,00;13249,00;0,30;0,30;0,28;;4,00;3,50;3,75;0,97;nan;1,58;-11,00;2,75;nan;11,63;11,64;NaN;-2,75;0,69;2,91;2,91;0,97;-0,95;-0,95;
2.5.2015 07:00;000,0;005,5;;;;;20581;1544640;5796;185011;52;204;0;0;0;0;0;0;0;;-5,00;-5,00;-4,75;1,00;0,75;1,00;14047,00;12630,00;13239,00;0,38;0,41;0,38;;5,25;5,00;5,00;1,25;nan;1,20;-15,00;3,00;nan;15,48;15,52;NaN;-3,75;0,75;3,87;3,88;0,98;-0,97;-0,97;
2.5.2015 07:15;000,0;007,7;;;;;20581;1544642;5796;185011;52;204;0;0;0;0;0;0;0;;-8,50;-8,00;-8,00;1,00;0,75;1,25;13986,00;12608,00;13246,00;0,62;0,65;0,63;;8,75;8,25;8,25;1,82;1,87;1,58;-25,00;3,25;5,27;25,35;25,39;NaN;-6,25;0,81;6,34;6,35;0,99;-0,99;-0,98;
2.5.2015 07:30;000,0;009,8;;;;;20581;1544645;5796;185012;52;204;0;0;0;0;0;0;0;;-8,75;-8,25;-8,25;1,00;0,75;1,25;13976,00;12573,00;13258,00;0,64;0,67;0,65;;8,75;8,25;8,50;nan;nan;1,62;-25,50;3,25;nan;25,89;25,94;NaN;-6,38;0,81;6,47;6,48;0,99;-0,99;-0,98;
2.5.2015 07:45;000,0;012,6;;;;;20581;1544648;5796;185012;52;204;0;0;0;0;0;0;0;;-12,00;-11,25;-11,50;1,00;0,75;1,50;14001,00;12556,00;13269,00;0,87;0,91;0,88;;12,00;11,25;11,75;nan;nan;1,89;-35,00;3,50;nan;35,38;35,45;NaN;-8,75;0,88;8,85;8,86;1,00;-0,99;-0,99;
2.5.2015 08:00;000,0;016,2;;;;;20581;1544652;5796;185012;52;204;0;0;0;0;0;0;0;;-17,25;-15,50;-16,25;1,00;0,75;2,25;14050,00;12584,00;13278,00;1,23;1,25;1,24;;17,25;15,75;16,25;nan;2,69;nan;-49,25;4,25;nan;49,51;49,58;NaN;-12,31;1,06;12,38;12,39;1,00;-0,99;-0,99;
2.5.2015 08:15;000,0;025,7;;;;;20581;1544658;5796;185013;52;204;0;0;0;0;0;0;0;;-27,75;-25,00;-26,00;1,50;1,00;3,50;14009,00;12511,00;13244,00;1,99;2,02;2,00;;27,75;25,00;26,50;nan;nan;3,74;-79,25;6,25;nan;79,64;79,75;NaN;-19,81;1,56;19,91;19,94;1,00;-1,00;-0,99;
2.5.2015 08:30;000,0;032,9;;;;;20581;1544667;5796;185013;52;204;0;0;0;0;0;0;0;;-27,00;-24,25;-25,25;1,25;1,00;3,50;14034,00;12519,00;13266,00;1,93;1,95;1,94;;27,00;24,25;25,75;nan;nan;3,64;-76,75;6,00;nan;77,23;77,33;NaN;-19,19;1,50;19,31;19,33;1,00;-0,99;-0,99;
2.5.2015 08:45;000,0;030,4;;;;;20581;1544674;5796;185014;52;204;0;0;0;0;0;0;0;;-27,50;-24,75;-25,75;1,50;1,00;3,50;14012,00;12485,00;13251,00;1,97;1,99;1,98;;27,50;24,75;26,00;nan;nan;0,83;-78,00;6,25;nan;78,49;78,59;NaN;-19,50;1,56;19,62;19,65;1,00;-0,99;-0,99;
2.5.2015 09:00;000,0;031,9;;;;;20581;1544682;5796;185015;52;204;0;0;0;0;0;0;0;;-29,25;-26,50;-27,75;1,50;1,25;3,75;13992,00;12457,00;13244,00;2,11;2,14;2,12;;29,50;26,50;28,00;3,53;nan;nan;-83,75;6,75;nan;84,32;84,44;NaN;-20,94;1,69;21,08;21,11;1,00;-0,99;-0,99;
2.5.2015 09:15;000,0;045,7;;;;;20581;1544694;5796;185016;52;204;0;0;0;0;0;0;0;;-46,50;-41,75;-43,75;2,75;2,25;6,50;13978,00;12460,00;13231,00;3,35;3,37;3,36;;46,75;42,00;44,50;3,97;3,98;4,89;-132,50;11,75;12,85;133,37;133,53;NaN;-33,12;2,94;33,34;33,38;1,00;-0,99;-0,99;
2.5.2015 09:30;000,0;054,0;;;;;20581;1544707;5796;185017;52;204;0;0;0;0;0;0;0;;-45,50;-41,25;-43,00;3,00;2,25;6,25;13967,00;12461,00;13253,00;3,28;3,32;3,29;;45,75;41,25;43,50;3,72;nan;2,05;-130,00;11,50;nan;130,72;130,89;NaN;-32,50;2,88;32,68;32,72;1,00;-0,99;-0,99;
2.5.2015 09:45;000,0;062,2;;;;;20581;1544723;5796;185018;52;204;0;0;0;0;0;0;0;;-77,75;-69,50;-73,25;4,50;3,75;11,25;14000,00;12469,00;13281,00;5,57;5,60;5,60;;77,75;69,75;74,25;nan;4,56;4,58;-220,75;19,75;nan;222,18;222,45;NaN;-55,19;4,94;55,55;55,61;1,00;-0,99;-0,99;
2.5.2015 10:00;000,0;093,2;;;;;20581;1544746;5796;185021;52;204;0;0;0;0;0;0;0;;-80,25;-71,75;-75,50;4,75;4,00;11,75;14003,00;12476,00;13297,00;5,75;5,76;5,77;;80,50;71,75;76,50;4,20;nan;3,73;-227,75;20,50;nan;229,14;229,40;NaN;-56,94;5,12;57,28;57,35;1,00;-0,99;-0,99;
2.5.2015 10:15;000,0;077,4;;;;;20581;1544765;5796;185022;52;204;0;0;0;0;0;0;0;;-49,25;-44,25;-46,75;2,50;2,25;6,50;13991,00;12452,00;13294,00;3,53;3,57;3,57;;49,25;44,25;47,25;nan;nan;2,18;-140,50;11,50;nan;141,17;141,36;NaN;-35,12;2,88;35,29;35,34;1,00;-1,00;-0,99;
2.5.2015 10:30;000,0;044,7;;;;;20581;1544777;5796;185023;52;204;0;0;0;0;0;0;0;;-41,25;-36,75;-38,75;2,25;1,75;5,75;14009,00;12444,00;13318,00;2,95;2,98;2,96;;41,25;37,00;39,25;nan;3,92;2,44;-117,00;10,00;nan;117,74;117,89;NaN;-29,25;2,50;29,43;29,47;1,00;-0,99;-0,99;
2.5.2015 10:45;000,0;058,5;;;;;20581;1544791;5796;185025;52;204;0;0;0;0;0;0;0;;-60,00;-54,00;-57,00;3,25;3,00;8,00;13970,00;12407,00;13241,00;4,30;4,36;4,36;;60,00;54,00;57,50;nan;nan;nan;-171,00;14,50;nan;171,90;172,15;NaN;-42,75;3,62;42,97;43,04;1,00;-0,99;-0,99;
2.5.2015 11:00;000,0;063,8;;;;;20581;1544807;5796;185026;52;204;0;0;0;0;0;0;0;;-58,75;-52,50;-55,50;3,00;2,50;8,25;13955,00;12417,00;13242,00;4,23;4,25;4,26;;59,00;52,75;56,25;4,52;4,48;3,97;-167,25;14,00;12,97;168,21;168,42;5,29;-41,81;3,50;42,05;42,10;1,00;-0,99;-0,99;
2.5.2015 11:15;000,0;083,2;;;;;20581;1544828;5796;185028;52;204;0;0;0;0;0;0;0;;-92,00;-82,00;-86,75;5,75;5,25;14,00;13948,00;12414,00;13254,00;6,62;6,64;6,65;;92,25;82,25;88,00;3,61;3,67;4,74;-261,25;25,25;12,02;262,98;263,28;16,83;-65,31;6,31;65,74;65,82;1,00;-0,99;-0,99;
2.5.2015 11:30;000,0;089,3;;;;;20581;1544850;5796;185030;52;204;0;0;0;0;0;0;0;;-48,75;-43,50;-46,50;2,25;2,50;6,75;13901,00;12368,00;13210,00;3,52;3,55;3,57;;48,75;43,75;47,00;nan;3,94;1,09;-139,00;11,75;nan;139,90;140,08;NaN;-34,75;2,94;34,97;35,02;1,00;-0,99;-0,99;
2.5.2015 11:45;000,0;069,4;;;;;20581;1544868;5796;185031;52;204;0;0;0;0;0;0;0;;-29,50;-26,50;-28,25;1,50;1,25;4,00;13944,00;12353,00;13219,00;2,13;2,16;2,16;;29,75;26,50;28,50;3,54;nan;nan;-84,50;7,00;nan;85,04;85,16;NaN;-21,12;1,75;21,26;21,29;1,00;-0,99;-0,99;
2.5.2015 12:00;000,0;029,8;;;;;20581;1544875;5796;185032;52;204;0;0;0;0;0;0;0;;-27,75;-25,00;-26,50;1,25;1,25;3,75;13920,00;12362,00;13251,00;2,01;2,03;2,02;;27,75;25,00;26,75;nan;nan;nan;-79,50;6,50;nan;79,87;79,98;NaN;-19,88;1,62;19,97;20,00;1,00;-1,00;-0,99;
2.5.2015 12:15;000,0;033,7;;;;;20581;1544883;5796;185033;52;204;0;0;0;0;0;0;0;;-27,50;-24,75;-26,00;1,25;1,25;3,50;13945,00;12369,00;13254,00;1,99;2,01;2,00;;27,50;24,75;26,25;nan;nan;0,90;-78,75;6,25;nan;79,11;79,23;NaN;-19,69;1,56;19,78;19,81;1,00;-1,00;-0,99;
2.5.2015 12:30;000,0;025,4;;;;;20581;1544890;5796;185033;52;204;0;0;0;0;0;0;0;;-24,00;-21,75;-22,75;1,25;1,00;3,00;13922,00;12348,00;13268,00;1,73;1,77;1,74;;24,00;21,75;23,00;nan;nan;1,56;-68,50;5,75;nan;68,93;69,05;NaN;-17,12;1,44;17,23;17,26;1,00;-0,99;-0,99;
2.5.2015 12:45;000,0;065,4;;;;;20581;1544906;5796;185035;52;204;0;0;0;0;0;0;0;;-89,00;-80,00;-85,00;5,50;5,50;13,25;13923,00;12397,00;13301,00;6,42;6,47;6,47;;89,25;80,00;86,00;3,78;nan;nan;-254,25;24,25;nan;255,69;256,01;NaN;-63,56;6,06;63,92;64,00;1,00;-0,99;-0,99;
2.5.2015 13:00;000,0;154,6;;;;;20581;1544946;5796;185039;52;204;0;0;0;0;0;0;0;;-233,50;-208,00;-220,50;22,50;21,25;43,75;14028,00;12507,00;13369,00;16,74;16,73;16,83;;234,75;209,25;225,00;8,89;8,37;9,52;-662,50;87,75;26,78;669,10;669,83;36,64;-165,62;21,94;167,27;167,46;0,99;-0,99;-0,99;
2.5.2015 13:15;000,0;079,4;;;;;20581;1544965;5796;185041;52;204;0;0;0;0;0;0;0;;-25,25;-23,25;-24,00;1,50;1,00;3,00;13957,00;12386,00;13257,00;1,83;1,88;1,84;;25,25;23,25;24,25;nan;nan;1,75;-72,75;6,00;nan;73,18;73,32;NaN;-18,19;1,50;18,30;18,33;1,00;-0,99;-0,99;
2.5.2015 13:30;000,0;028,7;;;;;20581;1544972;5796;185041;52;204;0;0;0;0;0;0;0;;-33,00;-29,75;-31,25;1,75;1,50;4,25;13939,00;12387,00;13232,00;2,39;2,42;2,40;;33,25;30,00;31,75;3,67;3,56;3,67;-94,50;7,75;10,90;95,05;95,18;NaN;-23,62;1,94;23,76;23,80;1,00;-0,99;-0,99;
2.5.2015 13:45;000,0;038,5;;;;;20581;1544981;5796;185042;52;204;0;0;0;0;0;0;0;;-33,75;-30,25;-31,75;1,75;1,50;4,50;13995,00;12407,00;13254,00;2,42;2,45;2,43;;33,75;30,25;32,25;nan;nan;3,43;-96,00;7,75;nan;96,54;96,68;NaN;-24,00;1,94;24,13;24,17;1,00;-0,99;-0,99;
2.5.2015 14:00;000,0;031,0;;;;;20581;1544989;5796;185043;52;204;0;0;0;0;0;0;0;;-26,00;-23,75;-24,75;1,25;1,25;3,25;13908,00;12415,00;13267,00;1,89;1,92;1,90;;26,25;23,75;25,00;3,39;nan;1,37;-74,75;6,00;nan;75,30;75,40;NaN;-18,69;1,50;18,82;18,85;1,00;-0,99;-0,99;
2.5.2015 14:15;000,0;063,4;;;;;20581;1545005;5796;185044;52;204;0;0;0;0;0;0;0;;-75,75;-68,25;-72,00;4,50;4,00;10,50;13987,00;12451,00;13295,00;5,44;5,49;5,49;;76,00;68,25;73,00;4,21;nan;5,89;-216,25;19,25;nan;217,53;217,82;NaN;-54,06;4,81;54,38;54,45;1,00;-0,99;-0,99;
2.5.2015 14:30;000,0;096,6;;;;;20581;1545030;5796;185047;52;204;0;0;0;0;0;0;0;;-98,00;-87,50;-92,50;6,50;6,00;15,25;14030,00;12457,00;13307,00;7,01;7,05;7,06;;98,25;87,75;93,75;2,61;2,80;0,50;-278,25;28,00;5,91;280,03;280,38;19,26;-69,56;7,00;70,01;70,09;0,99;-0,99;-0,99;
2.5.2015 14:45;000,0;151,6;;;;;20581;1545068;5796;185051;52;204;0;0;0;0;0;0;0;;-243,50;-216,25;-228,75;23,50;22,00;45,50;14112,00;12544,00;13393,00;17,35;17,34;17,43;;244,75;217,50;233,50;7,62;7,63;11,20;-688,75;91,25;26,45;695,83;696,62;43,35;-172,19;22,81;173,96;174,16;0,99;-0,99;-0,99;
2.5.2015 15:00;000,0;286,5;;;;;20581;1545140;5796;185061;52;204;0;0;0;0;0;0;0;;-248,50;-221,00;-233,75;24,75;23,00;47,25;14111,00;12558,00;13411,00;17,71;17,71;17,80;;249,75;222,25;238,75;3,20;5,01;11,40;-703,75;95,25;19,61;711,09;711,89;45,47;-175,94;23,81;177,77;177,97;0,99;-0,99;-0,99;
2.5.2015 15:15;000,0;218,8;;;;;20581;1545194;5796;185068;52;204;0;0;0;0;0;0;0;;-141,25;-125,25;-133,75;8,50;8,75;22,00;14018,00;12466,00;13343,00;10,10;10,09;10,17;;141,50;125,50;135,50;nan;nan;nan;-400,25;39,50;nan;402,96;403,41;NaN;-100,06;9,88;100,74;100,85;1,00;-0,99;-0,99;
2.5.2015 15:30;000,0;088,4;;;;;20581;1545216;5796;185070;52;204;0;0;0;0;0;0;0;;-76,50;-68,25;-72,75;3,75;4,00;11,00;13975,00;12420,00;13284,00;5,49;5,52;5,55;;76,75;68,50;73,75;4,92;4,26;5,05;-217,75;19,00;14,24;219,01;219,28;10,32;-54,44;4,75;54,75;54,82;1,00;-0,99;-0,99;
2.5.2015 15:45;000,0;136,1;;;;;20581;1545251;5796;185074;52;204;0;0;0;0;0;0;0;;-240,25;-213,50;-226,50;23,00;21,75;44,75;14046,00;12502,00;13371,00;17,19;17,18;17,27;;241,50;214,75;230,75;8,55;7,89;nan;-680,50;89,75;nan;687,22;687,98;NaN;-170,12;22,44;171,81;172,00;0,99;-0,99;-0,99;
2.5.2015 16:00;000,0;267,2;;;;;20581;1545317;5796;185083;52;204;0;0;0;0;0;0;0;;-211,00;-187,25;-198,75;18,25;17,00;37,50;14002,00;12443,00;13324,00;15,13;15,13;15,19;;211,75;188,00;202,25;nan;nan;nan;-597,25;73,00;nan;602,51;603,20;NaN;-149,31;18,25;150,63;150,80;0,99;-0,99;-0,99;
2.5.2015 16:15;000,0;219,8;;;;;20581;1545372;5796;185089;52;204;0;0;0;0;0;0;0;;-181,75;-161,50;-172,00;13,50;13,50;30,50;13966,00;12440,00;13318,00;13,06;13,05;13,13;;182,25;162,25;174,75;nan;7,78;4,83;-515,50;57,75;nan;519,50;520,07;NaN;-128,88;14,44;129,88;130,02;0,99;-0,99;-0,99;
2.5.2015 16:30;000,0;183,4;;;;;20581;1545418;5796;185094;52;204;0;0;0;0;0;0;0;;-122,00;-108,75;-116,75;6,75;7,75;18,25;13947,00;12418,00;13336,00;8,77;8,79;8,87;;122,25;109,00;118,25;3,94;nan;4,41;-347,50;33,00;nan;349,63;350,03;NaN;-86,88;8,25;87,41;87,51;1,00;-0,99;-0,99;
2.5.2015 16:45;000,0;102,2;;;;;20581;1545443;5796;185097;52;204;0;0;0;0;0;0;0;;-49,50;-44,50;-48,00;3,00;4,00;7,75;13892,00;12367,00;13290,00;3,57;3,63;3,68;;49,50;44,75;48,75;nan;2,51;3,54;-142,25;14,75;nan;143,49;143,70;NaN;-35,56;3,69;35,87;35,93;0,99;-0,99;-0,99;
2.5.2015 17:00;000,0;119,9;;;;;20581;1545473;5796;185100;52;204;0;0;0;0;0;0;0;;-144,75;-128,50;-136,50;10,00;9,50;23,75;13970,00;12424,00;13314,00;10,40;10,38;10,43;;145,25;128,75;138,75;6,71;nan;7,43;-410,00;43,75;nan;413,02;413,47;NaN;-102,50;10,94;103,25;103,37;0,99;-0,99;-0,99;
2.5.2015 17:15;000,0;147,6;;;;;20581;1545510;5796;185103;52;204;0;0;0;0;0;0;0;;-118,25;-105,00;-111,75;7,00;6,75;18,25;14024,00;12461,00;13340,00;8,45;8,45;8,51;;118,50;105,25;113,50;3,19;2,65;7,82;-335,25;32,25;13,66;337,39;337,78;21,78;-83,81;8,06;84,35;84,44;1,00;-0,99;-0,99;
2.5.2015 17:30;000,0;123,5;;;;;20581;1545541;5796;185106;52;204;0;0;0;0;0;0;0;;-98,25;-87,50;-93,50;5,25;5,50;14,25;13993,00;12487,00;13339,00;7,03;7,04;7,10;;98,25;87,75;94,50;nan;3,68;nan;-279,50;25,25;nan;281,02;281,33;NaN;-69,88;6,31;70,26;70,33;1,00;-0,99;-0,99;
2.5.2015 17:45;000,0;101,7;;;;;20581;1545566;5796;185109;52;204;0;0;0;0;0;0;0;;-79,75;-71,00;-76,00;3,75;4,25;11,50;13999,00;12476,00;13339,00;5,72;5,71;5,78;;80,00;71,25;77,00;5,09;4,18;4,56;-227,00;19,50;13,83;228,41;228,65;13,52;-56,75;4,88;57,10;57,16;1,00;-0,99;-0,99;
2.5.2015 18:00;000,0;079,9;;;;;20581;1545586;5796;185110;52;204;0;0;0;0;0;0;0;;-60,50;-53,75;-58,00;2,75;3,25;8,75;13994,00;12437,00;13339,00;4,35;4,35;4,41;;60,75;54,00;58,75;4,77;4,05;3,32;-172,75;15,25;12,13;173,80;174,00;7,32;-43,19;3,81;43,45;43,50;1,00;-0,99;-0,99;
2.5.2015 18:15;000,0;059,6;;;;;20581;1545601;5796;185112;52;204;0;0;0;0;0;0;0;;-44,75;-40,00;-42,75;2,00;2,25;6,25;14009,00;12443,00;13386,00;3,21;3,22;3,24;;44,75;40,00;43,25;nan;nan;1,98;-127,50;10,75;nan;128,34;128,50;NaN;-31,88;2,69;32,08;32,12;1,00;-0,99;-0,99;
2.5.2015 18:30;000,0;043,5;;;;;20581;1545612;5796;185113;52;204;0;0;0;0;0;0;0;;-32,50;-29,25;-30,75;1,50;1,25;4,25;13989,00;12460,00;13393,00;2,34;2,35;2,33;;32,50;29,25;31,00;nan;nan;nan;-92,75;7,50;nan;93,25;93,37;NaN;-23,19;1,88;23,31;23,34;1,00;-0,99;-0,99;
2.5.2015 18:45;000,0;030,2;;;;;20581;1545619;5796;185113;52;204;0;0;0;0;0;0;0;;-26,00;-23,50;-24,75;1,25;1,25;3,25;13998,00;12446,00;13387,00;1,87;1,90;1,87;;26,00;23,50;25,00;nan;nan;1,37;-74,25;6,00;nan;74,79;74,90;NaN;-18,56;1,50;18,70;18,73;1,00;-0,99;-0,99;
2.5.2015 19:00;000,0;028,4;;;;;20581;1545626;5796;185114;52;204;0;0;0;0;0;0;0;;-20,50;-18,50;-19,50;1,00;0,75;2,75;13976,00;12440,00;13367,00;1,48;1,50;1,48;;20,50;18,50;19,75;nan;nan;1,50;-58,50;4,75;nan;59,06;59,15;NaN;-14,62;1,19;14,77;14,79;1,00;-0,99;-0,99;
2.5.2015 19:15;000,0;017,5;;;;;20581;1545631;5796;185114;52;204;0;0;0;0;0;0;0;;-11,50;-10,50;-11,00;0,75;0,75;1,75;13973,00;12437,00;13359,00;0,83;0,86;0,84;;11,50;10,50;11,25;nan;nan;1,58;-33,00;3,50;nan;33,55;33,61;NaN;-8,25;0,88;8,39;8,40;0,99;-0,98;-0,98;
2.5.2015 19:30;000,0;010,4;;;;;20581;1545633;5796;185114;52;204;0;0;0;0;0;0;0;;-6,75;-6,25;-6,25;1,00;0,75;1,25;13948,00;12432,00;13370,00;0,50;0,52;0,50;;6,75;6,50;6,50;nan;1,62;1,27;-19,50;3,00;nan;20,09;20,13;NaN;-4,88;0,75;5,02;5,03;0,99;-0,97;-0,97;
2.5.2015 19:45;000,0;004,7;;;;;20581;1545634;5796;185115;52;204;0;0;0;0;0;0;0;;-1,00;-1,25;-0,75;1,00;0,50;0,75;13965,00;12415,00;13338,00;0,14;0,14;0,11;;1,75;1,50;1,50;1,03;0,66;1,06;-3,25;2,50;2,75;5,16;5,19;1,60;-0,81;0,62;1,29;1,30;0,72;-0,63;-0,63;
2.5.2015 20:00;000,2;000,2;;;;;20581;1545634;5796;185115;52;204;0;0;0;0;0;0;0;;0,25;0,25;0,50;0,00;0,00;0,00;13949,00;12402,00;13339,00;0,04;0,02;0,04;;0,50;0,25;0,50;0,43;0,00;0,00;1,25;0,00;0,43;1,40;1,42;0,52;0,31;0,00;0,35;0,36;1,00;0,89;0,88;
2.5.2015 20:15;000,5;000,0;;;;;20581;1545634;5796;185115;52;204;0;0;0;0;0;0;0;;0,25;0,25;0,50;0,00;0,00;0,00;13947,00;12418,00;13333,00;0,04;0,02;0,04;;0,25;0,25;0,50;0,00;0,00;0,00;1,25;0,00;0,00;1,33;1,35;0,50;0,31;0,00;0,33;0,34;1,00;0,94;0,93;
2.5.2015 20:30;000,5;000,0;;;;;20581;1545634;5796;185115;52;204;0;0;0;0;0;0;0;;0,25;0,25;0,50;0,00;0,00;0,00;13936,00;12384,00;13323,00;0,03;0,02;0,04;;0,25;0,25;0,50;0,00;0,00;0,00;1,25;0,00;0,00;1,30;1,31;0,40;0,31;0,00;0,32;0,33;1,00;0,96;0,95;
2.5.2015 20:45;000,5;000,0;;;;;20581;1545634;5796;185115;52;204;0;0;0;0;0;0;0;;0,25;0,25;0,50;0,00;0,00;0,00;13933,00;12390,00;13315,00;0,03;0,02;0,04;;0,25;0,25;0,50;0,00;0,00;0,00;1,25;0,00;0,00;1,30;1,31;0,40;0,31;0,00;0,32;0,33;1,00;0,97;0,95;
2.5.2015 21:00;000,5;000,0;;;;;20581;1545634;5796;185115;52;204;0;0;0;0;0;0;0;;0,25;0,25;0,50;0,00;0,00;0,00;13908,00;12411,00;13341,00;0,03;0,02;0,04;;0,25;0,25;0,50;0,00;0,00;0,00;1,25;0,00;0,00;1,30;1,31;0,40;0,31;0,00;0,32;0,33;1,00;0,96;0,95;
2.5.2015 21:15;000,5;000,0;;;;;20582;1545634;5796;185115;52;204;0;0;0;0;0;0;0;;0,25;0,25;0,50;0,00;0,00;0,00;13970,00;12417,00;13333,00;0,03;0,02;0,04;;0,25;0,25;0,50;0,00;0,00;0,00;1,00;0,00;0,00;1,27;1,29;0,82;0,25;0,00;0,32;0,32;1,00;0,79;0,77;
2.5.2015 21:30;000,5;000,0;;;;;20582;1545634;5796;185115;52;204;0;0;0;0;0;0;0;;0,25;0,25;0,50;0,00;0,00;0,00;14060,00;12430,00;13324,00;0,03;0,02;0,04;;0,25;0,25;0,50;0,00;0,00;0,00;1,00;0,00;0,00;1,27;1,29;0,82;0,25;0,00;0,32;0,32;1,00;0,79;0,77;
2.5.2015 21:45;000,5;000,0;;;;;20582;1545634;5796;185115;52;204;0;0;0;0;0;0;0;;0,25;0,25;0,50;0,00;0,00;0,00;14039,00;12429,00;13336,00;0,03;0,02;0,04;;0,25;0,25;0,50;0,00;0,00;0,00;1,00;0,00;0,00;1,27;1,29;0,82;0,25;0,00;0,32;0,32;1,00;0,79;0,77;
2.5.2015 22:00;000,5;000,0;;;;;20582;1545634;5796;185115;52;204;0;0;0;0;0;0;0;;0,25;0,25;0,50;0,00;0,00;0,00;13977,00;12451,00;13370,00;0,03;0,02;0,04;;0,25;0,25;0,50;0,00;0,00;0,00;1,00;0,00;0,00;1,27;1,29;0,82;0,25;0,00;0,32;0,32;1,00;0,79;0,77;
2.5.2015 22:15;000,5;000,0;;;;;20582;1545634;5796;185115;52;204;0;0;0;0;0;0;0;;0,25;0,25;0,50;0,00;0,00;0,00;14058,00;12442,00;13346,00;0,03;0,02;0,04;;0,25;0,25;0,50;0,00;0,00;0,00;1,00;0,00;0,00;1,27;1,30;0,82;0,25;0,00;0,32;0,32;1,00;0,79;0,77;
2.5.2015 22:30;000,5;000,0;;;;;20582;1545634;5796;185115;52;204;0;0;0;0;0;0;0;;0,25;0,25;0,50;0,00;0,00;0,00;14028,00;12450,00;13362,00;0,03;0,02;0,04;;0,25;0,25;0,50;0,00;0,00;0,00;1,00;0,00;0,00;1,27;1,30;0,82;0,25;0,00;0,32;0,32;1,00;0,79;0,77;
2.5.2015 22:45;000,5;000,0;;;;;20582;1545634;5796;185115;52;204;0;0;0;0;0;0;0;;0,25;0,25;0,50;0,00;0,00;0,00;14043,00;12489,00;13406,00;0,04;0,02;0,04;;0,25;0,25;0,50;0,00;0,00;0,00;1,00;0,00;0,00;1,31;1,33;0,88;0,25;0,00;0,33;0,33;1,00;0,76;0,75;
2.5.2015 23:00;000,5;000,0;;;;;20582;1545634;5796;185115;52;204;0;0;0;0;0;0;0;;0,25;0,25;0,50;0,00;0,00;0,00;14030,00;12462,00;13378,00;0,03;0,02;0,04;;0,25;0,25;0,50;0,00;0,00;0,00;1,00;0,00;0,00;1,27;1,30;0,82;0,25;0,00;0,32;0,32;1,00;0,79;0,77;
2.5.2015 23:15;000,5;000,0;;;;;20583;1545634;5796;185115;52;204;0;0;0;0;0;0;0;;0,25;0,25;0,50;0,00;0,00;0,00;14060,00;12473,00;13376,00;0,03;0,02;0,04;;0,25;0,25;0,50;0,00;0,00;0,00;1,00;0,00;0,00;1,27;1,30;0,83;0,25;0,00;0,32;0,32;1,00;0,79;0,77;
2.5.2015 23:30;000,5;000,0;;;;;20583;1545634;5796;185115;52;204;0;0;0;0;0;0;0;;0,25;0,25;0,50;0,00;0,00;0,00;14117,00;12509,00;13422,00;0,04;0,02;0,04;;0,50;0,25;0,50;0,43;0,00;0,00;1,25;0,00;0,43;1,31;1,34;0,19;0,31;0,00;0,33;0,33;1,00;0,95;0,94;
2.5.2015 23:45;000,5;000,0;;;;;20583;1545634;5796;185115;52;204;0;0;0;0;0;0;0;;0,25;0,25;0,50;0,00;0,00;0,00;14115,00;12501,00;13420,00;0,04;0,02;0,04;;0,25;0,25;0,50;0,00;0,00;0,00;1,25;0,00;0,00;1,31;1,34;0,47;0,31;0,00;0,33;0,33;1,00;0,95;0,94;
3.5.2015 00:00;000,5;000,0;;;;;20583;1545634;5796;185115;52;204;0;0;0;0;0;0;0;;0,25;0,25;0,50;0,00;0,00;0,00;14036,00;12561,00;13494,00;0,04;0,02;0,04;;0,50;0,25;0,50;0,43;0,00;0,00;1,25;0,00;0,43;1,31;1,34;0,20;0,31;0,00;0,33;0,33;1,00;0,95;0,93;
3.5.2015 00:15;000,5;000,0;;;;;20583;1545634;5796;185115;52;204;0;0;0;0;0;0;0;;0,25;0,25;0,50;0,00;0,00;0,00;14104,00;12534,00;13439,00;0,04;0,02;0,04;;0,25;0,25;0,50;0,00;0,00;0,00;1,25;0,00;0,00;1,31;1,34;0,47;0,31;0,00;0,33;0,33;1,00;0,95;0,93;
3.5.2015 00:30;000,5;000,0;;;;;20583;1545634;5796;185115;52;204;0;0;0;0;0;0;0;;0,25;0,25;0,50;0,00;0,00;0,00;14111,00;12536,00;13425,00;0,04;0,02;0,04;;0,25;0,25;0,50;0,00;0,00;0,00;1,25;0,00;0,00;1,31;1,34;0,47;0,31;0,00;0,33;0,33;1,00;0,95;0,94;
3.5.2015 00:45;000,5;000,0;;;;;20583;1545634;5796;185115;52;204;0;0;0;0;0;0;0;;0,25;0,25;0,50;0,00;0,00;0,00;14125,00;12552,00;13439,00;0,04;0,02;0,04;;0,50;0,25;0,50;0,43;0,00;0,00;1,25;0,00;0,43;1,31;1,34;0,20;0,31;0,00;0,33;0,33;1,00;0,95;0,93;
3.5.2015 01:00;000,5;000,0;;;;;20583;1545634;5796;185115;52;204;0;0;0;0;0;0;0;;0,25;0,25;0,50;0,00;0,00;0,00;14098,00;12550,00;13473,00;0,04;0,02;0,04;;0,25;0,25;0,50;0,00;0,00;0,00;1,25;0,00;0,00;1,31;1,34;0,48;0,31;0,00;0,33;0,33;1,00;0,95;0,93;
3.5.2015 01:15;000,5;000,0;;;;;20584;1545634;5796;185115;52;204;0;0;0;0;0;0;0;;0,25;0,25;0,50;0,00;0,00;0,00;14130,00;12515,00;13439,00;0,04;0,02;0,04;;0,25;0,25;0,50;0,00;0,00;0,00;1,25;0,00;0,00;1,31;1,34;0,48;0,31;0,00;0,33;0,33;1,00;0,95;0,93;
3.5.2015 01:30;000,5;000,0;;;;;20584;1545634;5796;185115;52;204;0;0;0;0;0;0;0;;0,25;0,25;0,50;0,00;0,00;0,00;14164,00;12545,00;13448,00;0,04;0,02;0,04;;0,50;0,25;0,50;0,43;0,00;0,00;1,25;0,00;0,43;1,32;1,34;0,21;0,31;0,00;0,33;0,33;1,00;0,95;0,93;
3.5.2015 01:45;000,5;000,0;;;;;20584;1545634;5796;185115;52;204;0;0;0;0;0;0;0;;0,25;0,25;0,50;0,00;0,00;0,00;14146,00;12568,00;13477,00;0,04;0,02;0,04;;0,50;0,25;0,50;0,43;0,00;0,00;1,25;0,00;0,43;1,32;1,34;0,22;0,31;0,00;0,33;0,34;1,00;0,95;0,93;
3.5.2015 02:00;000,5;000,0;;;;;20584;1545634;5796;185115;52;204;0;0;0;0;0;0;0;;0,25;0,25;0,50;0,00;0,00;0,00;14096,00;12561,00;13490,00;0,04;0,02;0,04;;0,50;0,25;0,50;0,43;0,00;0,00;1,25;0,00;0,43;1,32;1,34;0,21;0,31;0,00;0,33;0,33;1,00;0,95;0,93;
3.5.2015 02:15;000,5;000,0;;;;;20584;1545634;5796;185115;52;204;0;0;0;0;0;0;0;;0,25;0,25;0,50;0,00;0,00;0,00;14104,00;12554,00;13465,00;0,04;0,02;0,04;;0,50;0,25;0,50;0,43;0,00;0,00;1,25;0,00;0,43;1,31;1,34;0,20;0,31;0,00;0,33;0,33;1,00;0,95;0,93;
3.5.2015 02:30;000,5;000,0;;;;;20584;1545634;5796;185115;52;204;0;0;0;0;0;0;0;;0,25;0,25;0,50;0,00;0,00;0,00;14092,00;12574,00;13476,00;0,04;0,02;0,04;;0,50;0,25;0,50;0,43;0,00;0,00;1,25;0,00;0,43;1,32;1,34;0,21;0,31;0,00;0,33;0,33;1,00;0,95;0,93;
3.5.2015 02:45;000,5;000,0;;;;;20584;1545634;5796;185115;52;204;0;0;0;0;0;0;0;;0,25;0,25;0,50;0,00;0,00;0,00;14105,00;12538,00;13426,00;0,04;0,02;0,04;;0,25;0,25;0,50;0,00;0,00;0,00;1,25;0,00;0,00;1,31;1,34;0,47;0,31;0,00;0,33;0,33;1,00;0,95;0,94;
3.5.2015 03:00;000,5;000,0;;;;;20584;1545634;5796;185115;52;204;0;0;0;0;0;0;0;;0,25;0,25;0,50;0,00;0,00;0,00;14036,00;12555,00;13454,00;0,04;0,02;0,04;;0,25;0,25;0,50;0,00;0,00;0,00;1,25;0,00;0,00;1,31;1,34;0,47;0,31;0,00;0,33;0,33;1,00;0,95;0,94;
3.5.2015 03:15;000,5;000,0;;;;;20585;1545634;5796;185115;52;204;0;0;0;0;0;0;0;;0,25;0,25;0,50;0,00;0,00;0,00;14129,00;12579,00;13451,00;0,04;0,02;0,04;;0,50;0,25;0,50;0,43;0,00;0,00;1,25;0,00;0,43;1,32;1,34;0,21;0,31;0,00;0,33;0,33;1,00;0,95;0,93;
3.5.2015 03:30;000,5;000,0;;;;;20585;1545634;5796;185115;52;204;0;0;0;0;0;0;0;;0,25;0,25;0,50;0,00;0,00;0,00;14121,00;12564,00;13439,00;0,04;0,02;0,04;;0,25;0,25;0,50;0,00;0,00;0,00;1,25;0,00;0,00;1,31;1,34;0,48;0,31;0,00;0,33;0,33;1,00;0,95;0,93;
3.5.2015 03:45;000,5;000,0;;;;;20585;1545634;5796;185115;52;204;0;0;0;0;0;0;0;;0,25;0,25;0,50;0,00;0,00;0,00;14128,00;12541,00;13418,00;0,04;0,02;0,04;;0,25;0,25;0,50;0,00;0,00;0,00;1,25;0,00;0,00;1,31;1,34;0,48;0,31;0,00;0,33;0,33;1,00;0,95;0,93;
3.5.2015 04:00;000,5;000,0;;;;;20585;1545634;5796;185115;52;204;0;0;0;0;0;0;0;;0,25;0,25;0,50;0,00;0,00;0,00;14086,00;12547,00;13444,00;0,04;0,02;0,04;;0,25;0,25;0,50;0,00;0,00;0,00;1,25;0,00;0,00;1,31;1,34;0,47;0,31;0,00;0,33;0,33;1,00;0,95;0,93;
3.5.2015 04:15;000,5;000,0;;;;;20585;1545634;5796;185115;52;204;0;0;0;0;0;0;0;;0,25;0,25;0,50;0,00;0,00;0,00;14082,00;12557,00;13437,00;0,04;0,02;0,04;;0,25;0,25;0,50;0,00;0,00;0,00;1,25;0,00;0,00;1,31;1,34;0,47;0,31;0,00;0,33;0,33;1,00;0,95;0,93;
3.5.2015 04:30;000,6;000,0;;;;;20585;1545634;5796;185115;52;204;0;0;0;0;0;0;0;;0,25;0,25;0,50;0,00;0,00;0,00;14101,00;12546,00;13427,00;0,04;0,02;0,04;;0,25;0,25;0,50;0,00;0,00;0,00;1,25;0,00;0,00;1,31;1,34;0,47;0,31;0,00;0,33;0,33;1,00;0,95;0,93;
3.5.2015 04:45;000,5;000,0;;;;;20585;1545634;5796;185115;52;204;0;0;0;0;0;0;0;;0,25;0,25;0,50;0,00;0,00;0,00;14079,00;12547,00;13441,00;0,04;0,02;0,04;;0,25;0,25;0,50;0,00;0,00;0,00;1,25;0,00;0,00;1,31;1,34;0,47;0,31;0,00;0,33;0,33;1,00;0,95;0,94;
3.5.2015 05:00;000,5;000,0;;;;;20585;1545634;5796;185115;52;204;0;0;0;0;0;0;0;;0,25;0,25;0,50;0,00;0,00;0,00;14082,00;12566,00;13456,00;0,04;0,02;0,04;;0,50;0,25;0,50;0,43;0,00;0,00;1,25;0,00;0,43;1,31;1,34;0,20;0,31;0,00;0,33;0,33;1,00;0,95;0,93;
3.5.2015 05:15;000,5;000,0;;;;;20586;1545634;5796;185115;52;204;0;0;0;0;0;0;0;;0,25;0,25;0,50;0,00;0,00;0,00;14127,00;12560,00;13427,00;0,04;0,02;0,04;;0,50;0,25;0,50;0,43;0,00;0,00;1,25;0,00;0,43;1,31;1,34;0,20;0,31;0,00;0,33;0,33;1,00;0,95;0,93;
3.5.2015 05:30;000,1;000,5;;;;;20586;1545634;5796;185115;52;204;0;0;0;0;0;0;0;;-1,25;-1,50;-0,75;1,25;0,50;0,50;14143,00;12588,00;13455,00;0,15;0,15;0,12;;2,00;1,75;1,50;0,94;0,75;1,20;-3,75;2,50;2,88;5,56;5,60;1,67;-0,94;0,62;1,39;1,40;0,79;-0,67;-0,67;
3.5.2015 05:45;000,0;003,4;;;;;20586;1545635;5796;185116;52;204;0;0;0;0;0;0;0;;-4,75;-4,50;-4,25;1,00;0,50;1,00;14146,00;12587,00;13463,00;0,36;0,37;0,34;;5,00;4,50;4,50;1,20;nan;1,09;-13,50;3,00;nan;14,26;14,29;NaN;-3,38;0,75;3,57;3,57;0,98;-0,95;-0,94;
3.5.2015 06:00;000,0;008,2;;;;;20586;1545637;5796;185116;52;204;0;0;0;0;0;0;0;;-10,00;-9,25;-9,25;1,00;0,50;1,50;14137,00;12538,00;13447,00;0,72;0,75;0,71;;10,00;9,25;9,50;nan;nan;1,56;-28,50;3,25;nan;29,03;29,10;NaN;-7,12;0,81;7,26;7,27;0,99;-0,98;-0,98;
3.5.2015 06:15;000,0;015,4;;;;;20586;1545641;5796;185116;52;204;0;0;0;0;0;0;0;;-16,75;-15,25;-16,00;1,00;0,75;2,25;14125,00;12524,00;13459,00;1,20;1,23;1,21;;16,75;15,25;16,25;nan;nan;1,73;-48,00;4,25;nan;48,54;48,63;NaN;-12,00;1,06;12,13;12,16;1,00;-0,99;-0,99;
3.5.2015 06:30;000,0;021,7;;;;;20586;1545647;5796;185117;52;204;0;0;0;0;0;0;0;;-21,25;-19,25;-20,25;1,00;1,00;2,75;14133,00;12515,00;13459,00;1,53;1,55;1,54;;21,50;19,25;20,50;3,11;nan;1,62;-61,25;5,00;nan;61,67;61,78;NaN;-15,31;1,25;15,42;15,44;1,00;-0,99;-0,99;
3.5.2015 06:45;000,0;026,3;;;;;20586;1545653;5796;185117;52;204;0;0;0;0;0;0;0;;-26,00;-23,25;-24,50;1,00;1,00;3,50;14116,00;12498,00;13447,00;1,85;1,87;1,86;;26,00;23,25;24,75;nan;nan;0,25;-74,00;5,75;nan;74,39;74,51;NaN;-18,50;1,44;18,60;18,63;1,00;-0,99;-0,99;
3.5.2015 07:00;000,0;032,2;;;;;20586;1545661;5796;185118;52;204;0;0;0;0;0;0;0;;-33,75;-30,25;-32,00;1,50;1,25;4,50;14106,00;12502,00;13449,00;2,41;2,43;2,41;;34,00;30,25;32,25;3,83;nan;nan;-96,25;7,50;nan;96,83;96,96;NaN;-24,06;1,88;24,21;24,24;1,00;-0,99;-0,99;
3.5.2015 07:15;000,0;054,1;;;;;20586;1545675;5796;185119;52;204;0;0;0;0;0;0;0;;-55,75;-49,50;-52,50;3,50;3,00;8,50;14121,00;12488,00;13433,00;3,96;3,98;3,97;;55,75;49,50;53,25;nan;nan;2,66;-157,75;15,00;nan;158,92;159,13;NaN;-39,44;3,75;39,73;39,78;1,00;-0,99;-0,99;
3.5.2015 07:30;000,0;059,9;;;;;20586;1545690;5796;185121;52;204;0;0;0;0;0;0;0;;-66,25;-59,25;-63,25;3,00;3,25;9,25;14077,00;12511,00;13465,00;4,73;4,75;4,77;;66,50;59,25;64,00;4,92;nan;3,14;-189,00;15,75;nan;190,21;190,44;NaN;-47,25;3,94;47,55;47,61;1,00;-0,99;-0,99;
3.5.2015 07:45;000,0;067,0;;;;;20586;1545707;5796;185122;52;204;0;0;0;0;0;0;0;;-83,00;-74,50;-79,25;4,50;4,75;11,75;14064,00;12544,00;13516,00;5,92;5,96;5,95;;83,25;74,75;80,25;4,62;3,84;4,63;-237,00;21,25;13,09;238,44;238,73;14,22;-59,25;5,31;59,61;59,68;1,00;-0,99;-0,99;
3.5.2015 08:00;000,0;080,7;;;;;20586;1545727;5796;185124;52;204;0;0;0;0;0;0;0;;-80,50;-71,75;-76,50;4,00;4,25;11,75;14131,00;12530,00;13494,00;5,72;5,74;5,76;;80,75;71,75;77,50;4,93;nan;3,99;-229,00;20,25;nan;230,44;230,74;NaN;-57,25;5,06;57,61;57,68;1,00;-0,99;-0,99;
3.5.2015 08:15;000,0;087,6;;;;;20586;1545749;5796;185126;52;204;0;0;0;0;0;0;0;;-108,25;-96,50;-102,75;7,25;7,00;17,25;14105,00;12550,00;13506,00;7,70;7,72;7,73;;108,50;96,75;104,25;1,27;nan;3,60;-307,75;31,75;nan;309,90;310,26;NaN;-76,94;7,94;77,47;77,57;0,99;-0,99;-0,99;
3.5.2015 08:30;000,0;102,0;;;;;20586;1545775;5796;185128;52;204;0;0;0;0;0;0;0;;-91,25;-81,25;-86,50;5,25;5,00;13,75;14098,00;12503,00;13463,00;6,49;6,51;6,52;;91,50;81,25;87,75;4,26;nan;5,36;-259,25;24,25;nan;260,83;261,16;NaN;-64,81;6,06;65,21;65,29;1,00;-0,99;-0,99;
3.5.2015 08:45;000,0;088,0;;;;;20586;1545797;5796;185130;52;204;0;0;0;0;0;0;0;;-92,00;-82,25;-87,75;5,25;5,50;13,75;14037,00;12504,00;13450,00;6,57;6,60;6,61;;92,25;82,50;88,75;4,30;3,31;nan;-262,00;24,75;nan;263,69;264,00;NaN;-65,50;6,19;65,92;66,00;1,00;-0,99;-0,99;
3.5.2015 09:00;000,0;110,0;;;;;20586;1545824;5796;185133;52;204;0;0;0;0;0;0;0;;-131,00;-116,25;-123,50;10,50;9,75;23,00;14106,00;12490,00;13422,00;9,33;9,35;9,37;;131,50;116,75;125,75;4,58;4,63;5,64;-371,00;43,50;14,85;374,13;374,60;23,84;-92,75;10,88;93,53;93,65;0,99;-0,99;-0,99;
3.5.2015 09:15;000,0;167,1;;;;;20586;1545866;5796;185137;52;204;0;0;0;0;0;0;0;;-134,50;-119,25;-128,25;7,25;8,25;21,00;14043,00;12471,00;13433,00;9,60;9,60;9,70;;134,75;119,50;130,00;3,84;nan;3,31;-382,25;36,75;nan;384,83;385,28;NaN;-95,56;9,19;96,21;96,32;1,00;-0,99;-0,99;
3.5.2015 09:30;000,0;164,3;;;;;20586;1545907;5796;185141;52;204;0;0;0;0;0;0;0;;-131,50;-117,00;-125,50;7,25;8,00;20,25;14008,00;12471,00;13423,00;9,40;9,41;9,48;;131,75;117,25;127,25;3,64;nan;5,68;-374,00;35,75;nan;376,31;376,74;NaN;-93,50;8,94;94,08;94,18;1,00;-0,99;-0,99;
3.5.2015 09:45;000,0;156,6;;;;;20586;1545946;5796;185145;52;204;0;0;0;0;0;0;0;;-136,25;-121,25;-130,00;8,00;8,75;21,00;14011,00;12451,00;13407,00;9,75;9,78;9,84;;136,50;121,75;131,75;2,05;6,70;4,13;-388,00;37,75;12,88;390,34;390,81;24,42;-97,00;9,44;97,58;97,70;1,00;-0,99;-0,99;
3.5.2015 10:00;000,0;111,6;;;;;20586;1545974;5796;185148;52;204;0;0;0;0;0;0;0;;-122,50;-108,75;-116,75;6,50;7,25;18,50;13992,00;12451,00;13379,00;8,78;8,78;8,85;;122,75;109,25;118,25;4,37;7,51;3,20;-348,25;32,50;15,08;350,58;350,97;24,83;-87,06;8,12;87,64;87,74;1,00;-0,99;-0,99;
3.5.2015 10:15;000,0;120,3;;;;;20586;1546004;5796;185151;52;204;0;0;0;0;0;0;0;;-102,00;-90,50;-97,25;5,25;5,75;15,25;13960,00;12413,00;13377,00;7,33;7,32;7,37;;102,25;90,75;98,50;4,85;3,50;3,48;-290,00;26,50;11,83;291,71;292,04;18,55;-72,50;6,62;72,93;73,01;1,00;-0,99;-0,99;
3.5.2015 10:30;000,0;128,7;;;;;20586;1546036;5796;185154;52;204;0;0;0;0;0;0;0;;-127,00;-112,50;-121,00;6,75;7,75;19,50;13979,00;12448,00;13407,00;9,10;9,08;9,16;;127,25;113,00;122,75;4,24;7,26;6,81;-360,75;34,25;18,31;363,08;363,47;21,43;-90,19;8,56;90,77;90,87;1,00;-0,99;-0,99;
3.5.2015 10:45;000,0;148,7;;;;;20586;1546074;5796;185157;52;204;0;0;0;0;0;0;0;;-124,00;-109,75;-117,75;6,50;7,00;19,25;14015,00;12452,00;13404,00;8,87;8,85;8,92;;124,25;110,00;119,50;4,45;2,44;6,68;-351,75;33,25;13,57;353,98;354,37;23,69;-87,94;8,31;88,49;88,59;1,00;-0,99;-0,99;
3.5.2015 11:00;000,0;135,0;;;;;20586;1546108;5796;185160;52;204;0;0;0;0;0;0;0;;-145,00;-128,50;-137,75;8,75;8,75;23,00;13993,00;12453,00;13424,00;10,38;10,36;10,41;;145,25;129,00;139,75;nan;7,22;5,10;-411,50;40,75;nan;413,87;414,32;NaN;-102,88;10,19;103,47;103,58;1,00;-0,99;-0,99;
3.5.2015 11:15;000,0;139,1;;;;;20586;1546142;5796;185164;52;204;0;0;0;0;0;0;0;;-96,25;-85,50;-92,00;4,75;5,50;14,50;14005,00;12423,00;13376,00;6,89;6,91;6,98;;96,50;85,75;93,25;5,06;3,54;4,62;-274,00;24,75;13,22;275,64;275,98;17,34;-68,50;6,19;68,91;68,99;1,00;-0,99;-0,99;
3.5.2015 11:30;000,0;133,0;;;;;20586;1546176;5796;185167;52;204;0;0;0;0;0;0;0;;-171,75;-152,50;-163,00;11,50;12,00;28,25;14008,00;12488,00;13427,00;12,30;12,27;12,34;;172,25;153,00;165,50;6,30;2,96;4,82;-487,50;52,25;14,08;491,05;491,56;32,42;-121,88;13,06;122,76;122,89;0,99;-0,99;-0,99;
3.5.2015 11:45;000,0;187,8;;;;;20586;1546222;5796;185172;52;204;0;0;0;0;0;0;0;;-97,75;-87,00;-93,75;4,75;5,75;14,50;13966,00;12452,00;13385,00;7,01;7,02;7,10;;97,75;87,25;94,75;nan;3,24;nan;-278,50;25,25;nan;280,28;280,59;NaN;-69,62;6,31;70,07;70,15;1,00;-0,99;-0,99;
3.5.2015 12:00;000,0;102,7;;;;;20586;1546248;5796;185174;52;204;0;0;0;0;0;0;0;;-114,75;-101,75;-109,50;5,75;6,75;17,50;13969,00;12471,00;13408,00;8,24;8,20;8,28;;115,00;102,25;111,00;4,94;7,51;4,95;-326,25;30,00;17,40;328,35;328,67;19,58;-81,56;7,50;82,09;82,17;1,00;-0,99;-0,99;
3.5.2015 12:15;000,0;139,3;;;;;20586;1546283;5796;185178;52;204;0;0;0;0;0;0;0;;-95,75;-85,00;-91,50;4,75;5,50;14,50;14000,00;12445,00;13395,00;6,87;6,86;6,93;;96,00;85,25;92,75;5,04;3,51;4,48;-272,75;25,00;13,03;274,44;274,75;17,38;-68,19;6,25;68,61;68,69;1,00;-0,99;-0,99;
3.5.2015 12:30;000,0;107,0;;;;;20586;1546309;5796;185180;52;204;0;0;0;0;0;0;0;;-96,50;-85,25;-91,75;4,50;5,50;14,75;14000,00;12446,00;13410,00;6,91;6,88;6,95;;96,50;85,50;93,25;nan;3,53;7,74;-273,75;25,00;nan;275,53;275,83;NaN;-68,44;6,25;68,88;68,96;1,00;-0,99;-0,99;
3.5.2015 12:45;000,0;101,8;;;;;20586;1546335;5796;185182;52;204;0;0;0;0;0;0;0;;-81,50;-72,25;-78,00;3,75;4,75;12,25;13986,00;12443,00;13403,00;5,84;5,83;5,90;;81,50;72,50;79,00;nan;3,69;2,63;-231,75;20,75;nan;233,27;233,52;NaN;-57,94;5,19;58,32;58,38;1,00;-0,99;-0,99;
3.5.2015 13:00;000,0;086,9;;;;;20586;1546356;5796;185184;52;204;0;0;0;0;0;0;0;;-81,50;-73,00;-78,25;4,00;4,75;11,75;13933,00;12457,00;13394,00;5,88;5,87;5,92;;81,75;73,00;79,25;4,98;nan;4,41;-233,00;20,75;nan;234,27;234,51;NaN;-58,25;5,19;58,57;58,63;1,00;-0,99;-0,99;
3.5.2015 13:15;000,0;090,1;;;;;20586;1546379;5796;185186;52;204;0;0;0;0;0;0;0;;-69,00;-61,25;-66,00;3,25;3,75;10,00;13963,00;12433,00;13390,00;4,96;4,96;5,00;;69,00;61,50;66,75;nan;4,08;nan;-196,50;17,25;nan;197,77;197,99;NaN;-49,12;4,31;49,44;49,50;1,00;-0,99;-0,99;
3.5.2015 13:30;000,0;066,0;;;;;20586;1546395;5796;185188;52;204;0;0;0;0;0;0;0;;-58,25;-51,75;-55,25;2,75;2,75;8,25;13990,00;12421,00;13358,00;4,17;4,19;4,20;;58,25;52,00;56,00;nan;4,29;3,92;-165,50;14,00;nan;166,49;166,70;NaN;-41,38;3,50;41,62;41,67;1,00;-0,99;-0,99;
3.5.2015 13:45;000,0;077,7;;;;;20586;1546415;5796;185189;52;204;0;0;0;0;0;0;0;;-78,50;-70,00;-74,25;4,25;4,25;11,75;14025,00;12443,00;13365,00;5,61;5,64;5,64;;78,50;70,00;75,25;nan;nan;3,38;-223,00;20,50;nan;224,30;224,59;NaN;-55,75;5,12;56,08;56,15;1,00;-0,99;-0,99;
3.5.2015 14:00;000,0;075,3;;;;;20586;1546434;5796;185191;52;204;0;0;0;0;0;0;0;;-54,00;-48,50;-51,50;2,75;2,75;7,50;13966,00;12451,00;13378,00;3,89;3,91;3,91;;54,25;48,75;52,25;4,42;4,09;4,64;-154,50;13,25;13,15;155,45;155,64;2,10;-38,62;3,31;38,86;38,91;1,00;-0,99;-0,99;
3.5.2015 14:15;000,0;058,1;;;;;20586;1546448;5796;185192;52;204;0;0;0;0;0;0;0;;-50,75;-45,50;-48,50;2,25;2,50;7,00;14007,00;12453,00;13365,00;3,64;3,66;3,68;;50,75;45,50;49,00;nan;nan;nan;-144,75;12,25;nan;145,74;145,93;NaN;-36,19;3,06;36,44;36,48;1,00;-0,99;-0,99;
3.5.2015 14:30;000,0;052,6;;;;;20586;1546461;5796;185193;52;204;0;0;0;0;0;0;0;;-45,25;-40,50;-43,00;2,25;2,25;6,25;13992,00;12454,00;13392,00;3,24;3,27;3,26;;45,25;40,50;43,50;nan;nan;2,05;-129,00;11,00;nan;129,69;129,85;NaN;-32,25;2,75;32,42;32,46;1,00;-0,99;-0,99;
3.5.2015 14:45;000,0;048,6;;;;;20586;1546473;5796;185194;52;204;0;0;0;0;0;0;0;;-43,25;-38,50;-40,75;2,25;2,00;6,00;14037,00;12438,00;13368,00;3,10;3,12;3,11;;43,25;38,75;41,50;nan;3,91;5,07;-123,00;10,50;nan;123,76;123,93;NaN;-30,75;2,62;30,94;30,98;1,00;-0,99;-0,99;
3.5.2015 15:00;000,0;050,5;;;;;20586;1546486;5796;185196;52;204;0;0;0;0;0;0;0;;-46,25;-41,25;-43,75;2,25;2,00;6,50;13998,00;12438,00;13383,00;3,32;3,33;3,33;;46,25;41,25;44,50;nan;nan;4,89;-131,50;11,00;nan;132,39;132,55;NaN;-32,88;2,75;33,10;33,14;1,00;-0,99;-0,99;
3.5.2015 15:15;000,0;056,9;;;;;20586;1546500;5796;185197;52;204;0;0;0;0;0;0;0;;-63,75;-56,75;-60,50;3,25;3,00;9,25;14038,00;12453,00;13383,00;4,56;4,58;4,58;;64,00;57,00;61,25;4,62;4,41;2,40;-181,25;15,50;11,43;182,41;182,64;11,65;-45,31;3,88;45,60;45,66;1,00;-0,99;-0,99;
3.5.2015 15:30;000,0;053,4;;;;;20586;1546514;5796;185198;52;204;0;0;0;0;0;0;0;;-31,75;-28,25;-30,00;1,50;1,25;4,50;14003,00;12416,00;13357,00;2,28;2,29;2,28;;31,75;28,25;30,25;nan;nan;nan;-90,25;7,50;nan;90,75;90,87;NaN;-22,56;1,88;22,69;22,72;1,00;-0,99;-0,99;
3.5.2015 15:45;000,0;031,7;;;;;20586;1546521;5796;185199;52;204;0;0;0;0;0;0;0;;-31,50;-28,00;-29,50;1,50;1,25;4,50;13995,00;12414,00;13344,00;2,26;2,26;2,25;;31,50;28,00;30,00;nan;nan;3,08;-89,25;7,50;nan;89,74;89,85;NaN;-22,31;1,88;22,43;22,46;1,00;-0,99;-0,99;
3.5.2015 16:00;000,0;034,3;;;;;20586;1546530;5796;185199;52;204;0;0;0;0;0;0;0;;-29,75;-26,75;-28,25;1,50;1,25;4,00;13975,00;12410,00;13321,00;2,14;2,17;2,15;;30,00;26,75;28,50;3,56;nan;nan;-85,00;7,25;nan;85,61;85,73;NaN;-21,25;1,81;21,40;21,43;1,00;-0,99;-0,99;
3.5.2015 16:15;000,0;027,0;;;;;20586;1546537;5796;185200;52;204;0;0;0;0;0;0;0;;-22,75;-20,50;-21,25;1,25;1,00;3,00;13917,00;12415,00;13343,00;1,64;1,67;1,63;;22,75;20,50;21,75;nan;nan;3,54;-64,75;5,50;nan;65,34;65,44;NaN;-16,19;1,38;16,34;16,36;1,00;-0,99;-0,99;
3.5.2015 16:30;000,0;028,2;;;;;20586;1546544;5796;185200;52;204;0;0;0;0;0;0;0;;-22,75;-20,50;-21,50;1,25;1,00;3,00;13900,00;12399,00;13321,00;1,65;1,67;1,64;;23,00;20,50;21,75;3,14;nan;1,35;-65,25;5,25;nan;65,59;65,68;NaN;-16,31;1,31;16,40;16,42;1,00;-0,99;-0,99;
3.5.2015 16:45;000,0;026,1;;;;;20586;1546550;5796;185201;52;204;0;0;0;0;0;0;0;;-19,50;-17,75;-18,25;1,25;0,75;2,50;13921,00;12401,00;13350,00;1,41;1,44;1,40;;19,50;17,75;18,50;nan;nan;1,71;-55,75;4,75;nan;56,31;56,40;NaN;-13,94;1,19;14,08;14,10;1,00;-0,99;-0,99;
3.5.2015 17:00;000,0;017,4;;;;;20586;1546555;5796;185201;52;204;0;0;0;0;0;0;0;;-16,00;-14,50;-15,00;1,00;0,75;2,25;13917,00;12390,00;13314,00;1,16;1,19;1,15;;16,00;14,50;15,25;nan;nan;1,58;-45,75;4,25;nan;46,17;46,25;NaN;-11,44;1,06;11,54;11,56;1,00;-0,99;-0,99;
3.5.2015 17:15;000,0;018,1;;;;;20586;1546559;5796;185202;52;204;0;0;0;0;0;0;0;;-14,25;-13,00;-13,50;1,00;0,75;2,00;13996,00;12397,00;13300,00;1,04;1,06;1,03;;14,50;13,00;13,50;2,49;nan;nan;-41,00;4,00;nan;41,33;41,40;NaN;-10,25;1,00;10,33;10,35;1,00;-0,99;-0,99;
3.5.2015 17:30;000,0;020,5;;;;;20586;1546564;5796;185202;52;204;0;0;0;0;0;0;0;;-18,00;-16,25;-17,00;1,00;0,75;2,25;13965,00;12432,00;13355,00;1,31;1,33;1,31;;18,00;16,50;17,25;nan;2,76;1,87;-51,75;4,50;nan;52,19;52,27;NaN;-12,94;1,12;13,05;13,07;1,00;-0,99;-0,99;
3.5.2015 17:45;000,0;017,0;;;;;20586;1546568;5796;185203;52;204;0;0;0;0;0;0;0;;-11,25;-10,50;-10,75;1,00;0,75;1,50;13918,00;12424,00;13340,00;0,83;0,86;0,83;;11,50;10,75;11,00;2,17;2,18;1,79;-33,00;3,75;6,13;33,34;33,41;NaN;-8,25;0,94;8,33;8,35;0,99;-0,99;-0,99;
3.5.2015 18:00;000,0;011,6;;;;;20586;1546571;5796;185203;52;204;0;0;0;0;0;0;0;;-8,00;-7,50;-7,25;1,00;0,50;1,25;14014,00;12439,00;13326,00;0,58;0,62;0,57;;8,00;7,50;7,50;nan;nan;1,46;-23,00;3,25;nan;23,44;23,51;NaN;-5,75;0,81;5,86;5,88;0,99;-0,98;-0,98;
3.5.2015 18:15;000,0;009,4;;;;;20586;1546574;5796;185203;52;204;0;0;0;0;0;0;0;;-7,75;-7,25;-7,25;1,00;0,75;1,25;13977,00;12441,00;13318,00;0,56;0,60;0,56;;7,75;7,25;7,25;nan;nan;nan;-22,25;3,00;nan;22,79;22,85;NaN;-5,56;0,75;5,70;5,71;0,99;-0,98;-0,97;
3.5.2015 18:30;000,0;007,0;;;;;20586;1546575;5796;185204;52;204;0;0;0;0;0;0;0;;-6,00;-5,75;-5,50;1,00;0,50;1,00;14012,00;12467,00;13329,00;0,45;0,48;0,44;;6,25;5,75;5,75;1,44;nan;1,35;-17,50;3,00;nan;18,09;18,14;NaN;-4,38;0,75;4,52;4,54;0,99;-0,97;-0,96;
3.5.2015 18:45;000,0;004,6;;;;;20586;1546577;5796;185204;52;204;0;0;0;0;0;0;0;;-2,75;-2,75;-2,25;1,25;0,50;0,75;13965,00;12451,00;13304,00;0,23;0,23;0,19;;3,00;2,75;2,50;nan;nan;0,79;-7,75;2,75;nan;8,53;8,58;NaN;-1,94;0,69;2,13;2,14;0,94;-0,91;-0,90;
3.5.2015 19:00;000,0;002,4;;;;;20586;1546577;5796;185204;52;204;0;0;0;0;0;0;0;;-0,75;-1,00;-0,25;1,25;0,50;0,50;13980,00;12440,00;13256,00;0,12;0,12;0,09;;1,50;1,25;1,00;0,35;0,56;0,83;-2,25;2,50;1,74;4,33;4,38;2,20;-0,56;0,62;1,08;1,09;0,44;-0,52;-0,51;
3.5.2015 19:15;000,0;000,7;;;;;20586;1546577;5796;185205;52;204;0;0;0;0;0;0;0;;-0,25;-0,75;-0,25;1,25;0,75;0,50;13957,00;12446,00;13238,00;0,12;0,12;0,09;;1,50;1,50;1,00;0,79;1,06;0,83;-1,50;2,50;2,68;4,32;4,38;1,86;-0,38;0,62;1,08;1,09;-0,10;-0,35;-0,34;
3.5.2015 19:30;000,0;000,4;;;;;20586;1546577;5796;185205;52;204;0;0;0;0;0;0;0;;0,00;-0,50;0,00;1,25;0,75;0,00;13930,00;12458,00;13281,00;0,11;0,11;0,08;;1,50;1,25;0,00;0,83;0,87;0,00;-0,50;2,00;1,70;4,00;4,04;3,03;-0,12;0,50;1,00;1,01;-0,65;-0,12;-0,12;
3.5.2015 19:45;000,4;000,1;;;;;20586;1546577;5798;185205;52;204;0;0;0;0;0;0;0;;-0,25;0,00;1,75;9,50;7,25;8,50;13905,00;12431,00;13262,00;0,69;0,60;0,67;;9,50;7,25;8,75;nan;0,00;1,12;1,25;25,50;nan;25,91;25,91;NaN;0,31;6,38;6,48;6,48;0,02;0,05;0,05;
3.5.2015 20:00;000,5;000,0;;;;;20586;1546577;5798;185205;52;204;0;0;0;0;0;0;0;;0,25;0,25;0,50;0,00;0,00;0,00;13898,00;12395,00;13227,00;0,03;0,02;0,04;;0,25;0,25;0,50;0,00;0,00;0,00;1,00;0,00;0,00;1,26;1,28;0,81;0,25;0,00;0,31;0,32;1,00;0,79;0,78;
3.5.2015 20:15;000,5;000,0;;;;;20586;1546577;5798;185205;52;204;0;0;0;0;0;0;0;;0,25;0,25;0,50;0,00;0,00;0,00;13857,00;12369,00;13216,00;0,03;0,02;0,04;;0,25;0,25;0,50;0,00;0,00;0,00;1,00;0,00;0,00;1,26;1,28;0,80;0,25;0,00;0,31;0,32;1,00;0,80;0,78;
3.5.2015 20:30;000,5;000,0;;;;;20586;1546577;5798;185205;52;204;0;0;0;0;0;0;0;;0,25;0,25;0,25;0,00;0,00;0,00;13884,00;12351,00;13203,00;0,03;0,02;0,04;;0,25;0,25;0,50;0,00;0,00;0,43;1,00;0,00;0,43;1,26;1,28;0,68;0,25;0,00;0,31;0,32;1,00;0,80;0,78;
3.5.2015 20:45;000,5;000,0;;;;;20586;1546577;5798;185205;52;204;0;0;0;0;0;0;0;;0,25;0,25;0,25;0,00;0,00;0,00;13886,00;12369,00;13212,00;0,03;0,02;0,04;;0,25;0,25;0,50;0,00;0,00;0,43;1,00;0,00;0,43;1,26;1,28;0,68;0,25;0,00;0,31;0,32;1,00;0,79;0,78;
3.5.2015 21:00;000,4;000,0;;;;;20586;1546577;5798;185205;52;204;0;0;0;0;0;0;0;;0,25;0,25;0,50;0,00;0,00;0,00;13929,00;12364,00;13211,00;0,03;0,02;0,04;;0,25;0,25;0,50;0,00;0,00;0,00;1,00;0,00;0,00;1,26;1,28;0,81;0,25;0,00;0,31;0,32;1,00;0,79;0,78;
3.5.2015 21:15;000,5;000,0;;;;;20586;1546577;5798;185205;52;204;0;0;0;0;0;0;0;;0,25;0,25;0,50;0,00;0,00;0,00;13875,00;12390,00;13251,00;0,03;0,02;0,04;;0,25;0,25;0,50;0,00;0,00;0,00;1,00;0,00;0,00;1,26;1,28;0,81;0,25;0,00;0,31;0,32;1,00;0,79;0,78;
3.5.2015 21:30;000,5;000,0;;;;;20587;1546577;5798;185205;52;204;0;0;0;0;0;0;0;;0,25;0,25;0,25;0,00;0,00;0,00;13868,00;12377,00;13219,00;0,03;0,02;0,04;;0,25;0,25;0,50;0,00;0,00;0,43;1,00;0,00;0,43;1,26;1,28;0,68;0,25;0,00;0,31;0,32;1,00;0,79;0,78;
3.5.2015 21:45;000,5;000,0;;;;;20587;1546577;5798;185205;52;204;0;0;0;0;0;0;0;;0,25;0,25;0,50;0,00;0,00;0,00;13912,00;12389,00;13230,00;0,03;0,02;0,04;;0,25;0,25;0,50;0,00;0,00;0,00;1,00;0,00;0,00;1,26;1,28;0,81;0,25;0,00;0,32;0,32;1,00;0,79;0,78;
3.5.2015 22:00;000,5;000,0;;;;;20587;1546577;5798;185205;52;204;0;0;0;0;0;0;0;;0,25;0,25;0,50;0,00;0,00;0,00;13896,00;12395,00;13255,00;0,03;0,02;0,04;;0,25;0,25;0,50;0,00;0,00;0,00;1,00;0,00;0,00;1,26;1,29;0,81;0,25;0,00;0,32;0,32;1,00;0,79;0,78;
3.5.2015 22:15;000,5;000,0;;;;;20587;1546577;5798;185205;52;204;0;0;0;0;0;0;0;;0,25;0,25;0,50;0,00;0,00;0,00;13963,00;12405,00;13263,00;0,03;0,02;0,04;;0,25;0,25;0,50;0,00;0,00;0,00;1,00;0,00;0,00;1,26;1,29;0,81;0,25;0,00;0,32;0,32;1,00;0,79;0,78;
3.5.2015 22:30;000,5;000,0;;;;;20587;1546577;5798;185205;52;204;0;0;0;0;0;0;0;;0,25;0,25;0,50;0,00;0,00;0,00;13954,00;12411,00;13287,00;0,03;0,02;0,04;;0,25;0,25;0,50;0,00;0,00;0,00;1,00;0,00;0,00;1,26;1,29;0,81;0,25;0,00;0,32;0,32;1,00;0,79;0,78;
3.5.2015 22:45;000,4;000,0;;;;;20587;1546577;5798;185205;52;204;0;0;0;0;0;0;0;;0,25;0,25;0,50;0,00;0,00;0,00;13935,00;12445,00;13321,00;0,03;0,02;0,04;;0,25;0,25;0,50;0,00;0,00;0,00;1,00;0,00;0,00;1,27;1,29;0,82;0,25;0,00;0,32;0,32;1,00;0,79;0,77;
3.5.2015 23:00;000,5;000,0;;;;;20587;1546577;5798;185205;52;204;0;0;0;0;0;0;0;;0,25;0,25;0,50;0,00;0,00;0,00;13941,00;12435,00;13319,00;0,03;0,02;0,04;;0,25;0,25;0,50;0,00;0,00;0,00;1,00;0,00;0,00;1,27;1,29;0,82;0,25;0,00;0,32;0,32;1,00;0,79;0,78;
3.5.2015 23:15;000,5;000,0;;;;;20587;1546577;5798;185205;52;204;0;0;0;0;0;0;0;;0,25;0,25;0,50;0,00;0,00;0,00;14002,00;12430,00;13319,00;0,03;0,02;0,04;;0,25;0,25;0,50;0,00;0,00;0,00;1,00;0,00;0,00;1,27;1,29;0,82;0,25;0,00;0,32;0,32;1,00;0,79;0,77;
3.5.2015 23:30;000,5;000,0;;;;;20587;1546577;5798;185205;52;204;0;0;0;0;0;0;0;;0,25;0,25;0,50;0,00;0,00;0,00;14038,00;12446,00;13333,00;0,03;0,02;0,04;;0,25;0,25;0,50;0,00;0,00;0,00;1,00;0,00;0,00;1,27;1,29;0,82;0,25;0,00;0,32;0,32;1,00;0,79;0,77;
3.5.2015 23:45;000,5;000,0;;;;;20588;1546577;5798;185205;52;204;0;0;0;0;0;0;0;;0,25;0,25;0,50;0,00;0,00;0,00;14025,00;12441,00;13319,00;0,03;0,02;0,04;;0,25;0,25;0,50;0,00;0,00;0,00;1,00;0,00;0,00;1,27;1,29;0,82;0,25;0,00;0,32;0,32;1,00;0,79;0,77;
4.5.2015 00:00;000,5;000,0;;;;;20588;1546577;5798;185205;52;204;0;0;0;0;0;0;0;;0,25;0,25;0,50;0,00;0,00;0,00;13979,00;12461,00;13318,00;0,03;0,02;0,04;;0,25;0,25;0,50;0,00;0,00;0,00;1,00;0,00;0,00;1,27;1,29;0,82;0,25;0,00;0,32;0,32;1,00;0,79;0,77;
4.5.2015 00:15;000,5;000,0;;;;;20588;1546577;5798;185205;52;204;0;0;0;0;0;0;0;;0,25;0,25;0,50;0,00;0,00;0,00;13931,00;12455,00;13270,00;0,03;0,02;0,04;;0,25;0,25;0,50;0,00;0,00;0,00;1,00;0,00;0,00;1,26;1,29;0,81;0,25;0,00;0,32;0,32;1,00;0,79;0,78;
4.5.2015 00:30;000,5;000,0;;;;;20588;1546577;5798;185205;52;204;0;0;0;0;0;0;0;;0,25;0,25;0,50;0,00;0,00;0,00;13921,00;12471,00;13244,00;0,03;0,02;0,04;;0,25;0,25;0,50;0,00;0,00;0,00;1,00;0,00;0,00;1,26;1,29;0,81;0,25;0,00;0,32;0,32;1,00;0,79;0,78;
4.5.2015 00:45;000,5;000,0;;;;;20588;1546577;5798;185205;52;204;0;0;0;0;0;0;0;;0,25;0,25;0,50;0,00;0,00;0,00;13928,00;12465,00;13245,00;0,03;0,02;0,04;;0,25;0,25;0,50;0,00;0,00;0,00;1,00;0,00;0,00;1,26;1,29;0,81;0,25;0,00;0,32;0,32;1,00;0,79;0,78;
4.5.2015 01:00;000,5;000,0;;;;;20588;1546577;5798;185205;52;204;0;0;0;0;0;0;0;;0,25;0,25;0,50;0,00;0,00;0,00;13901,00;12470,00;13248,00;0,03;0,02;0,04;;0,25;0,25;0,50;0,00;0,00;0,00;1,00;0,00;0,00;1,26;1,29;0,81;0,25;0,00;0,32;0,32;1,00;0,79;0,78;
4.5.2015 01:15;000,5;000,0;;;;;20588;1546577;5798;185205;52;204;0;0;0;0;0;0;0;;0,25;0,25;0,50;0,00;0,00;0,00;13935,00;12466,00;13227,00;0,03;0,02;0,04;;0,25;0,25;0,50;0,00;0,00;0,00;1,00;0,00;0,00;1,26;1,29;0,81;0,25;0,00;0,32;0,32;1,00;0,79;0,78;
4.5.2015 01:30;000,5;000,0;;;;;20588;1546577;5798;185205;52;204;0;0;0;0;0;0;0;;0,25;0,25;0,50;0,00;0,00;0,00;13965,00;12494,00;13240,00;0,03;0,02;0,04;;0,25;0,25;0,50;0,00;0,00;0,00;1,00;0,00;0,00;1,26;1,29;0,82;0,25;0,00;0,32;0,32;1,00;0,79;0,78;
4.5.2015 01:45;000,4;000,0;;;;;20589;1546577;5798;185205;52;204;0;0;0;0;0;0;0;;0,25;0,25;0,50;0,00;0,00;0,00;13947,00;12500,00;13240,00;0,03;0,02;0,04;;0,25;0,25;0,50;0,00;0,00;0,00;1,00;0,00;0,00;1,26;1,29;0,81;0,25;0,00;0,32;0,32;1,00;0,79;0,78;
4.5.2015 02:00;000,5;000,0;;;;;20589;1546577;5798;185205;52;204;0;0;0;0;0;0;0;;0,25;0,25;0,50;0,00;0,00;0,00;13916,00;12530,00;13271,00;0,03;0,02;0,04;;0,25;0,25;0,50;0,00;0,00;0,00;1,00;0,00;0,00;1,27;1,29;0,82;0,25;0,00;0,32;0,32;1,00;0,79;0,77;
4.5.2015 02:15;000,5;000,0;;;;;20589;1546577;5798;185205;52;204;0;0;0;0;0;0;0;;0,25;0,25;0,50;0,00;0,00;0,00;13924,00;12527,00;13253,00;0,03;0,02;0,04;;0,25;0,25;0,50;0,00;0,00;0,00;1,00;0,00;0,00;1,26;1,29;0,82;0,25;0,00;0,32;0,32;1,00;0,79;0,78;
4.5.2015 02:30;000,5;000,0;;;;;20589;1546577;5798;185205;52;204;0;0;0;0;0;0;0;;0,25;0,25;0,50;0,00;0,00;0,00;13966,00;12532,00;13215,00;0,03;0,02;0,04;;0,25;0,25;0,50;0,00;0,00;0,00;1,00;0,00;0,00;1,26;1,29;0,82;0,25;0,00;0,32;0,32;1,00;0,79;0,77;
4.5.2015 02:45;000,5;000,0;;;;;20589;1546577;5798;185205;52;204;0;0;0;0;0;0;0;;0,25;0,25;0,50;0,00;0,00;0,00;13942,00;12548,00;13216,00;0,03;0,02;0,04;;0,25;0,25;0,50;0,00;0,00;0,00;1,00;0,00;0,00;1,26;1,29;0,82;0,25;0,00;0,32;0,32;1,00;0,79;0,77;
4.5.2015 03:00;000,5;000,0;;;;;20589;1546577;5798;185205;52;204;0;0;0;0;0;0;0;;0,25;0,25;0,50;0,00;0,00;0,00;13905,00;12551,00;13242,00;0,03;0,02;0,04;;0,25;0,25;0,50;0,00;0,00;0,00;1,00;0,00;0,00;1,26;1,29;0,81;0,25;0,00;0,32;0,32;1,00;0,79;0,78;
4.5.2015 03:15;000,5;000,0;;;;;20589;1546577;5798;185205;52;204;0;0;0;0;0;0;0;;0,25;0,25;0,50;0,00;0,00;0,00;13956,00;12549,00;13211,00;0,03;0,02;0,04;;0,25;0,25;0,50;0,00;0,00;0,00;1,00;0,00;0,00;1,26;1,29;0,82;0,25;0,00;0,32;0,32;1,00;0,79;0,77;
4.5.2015 03:30;000,5;000,0;;;;;20589;1546577;5798;185205;52;204;0;0;0;0;0;0;0;;0,25;0,25;0,50;0,00;0,00;0,00;13936,00;12550,00;13218,00;0,03;0,02;0,04;;0,25;0,25;0,50;0,00;0,00;0,00;1,00;0,00;0,00;1,26;1,29;0,82;0,25;0,00;0,32;0,32;1,00;0,79;0,78;
4.5.2015 03:45;000,5;000,0;;;;;20590;1546577;5798;185205;52;204;0;0;0;0;0;0;0;;0,25;0,25;0,50;0,00;0,00;0,00;13952,00;12551,00;13188,00;0,03;0,02;0,04;;0,25;0,25;0,50;0,00;0,00;0,00;1,00;0,00;0,00;1,26;1,29;0,81;0,25;0,00;0,32;0,32;1,00;0,79;0,78;
4.5.2015 04:00;000,5;000,0;;;;;20590;1546577;5798;185205;52;204;0;0;0;0;0;0;0;;0,25;0,25;0,50;0,00;0,00;0,00;13935,00;12539,00;13188,00;0,03;0,02;0,04;;0,25;0,25;0,50;0,00;0,00;0,00;1,00;0,00;0,00;1,26;1,29;0,81;0,25;0,00;0,32;0,32;1,00;0,79;0,78;
4.5.2015 04:15;000,5;000,0;;;;;20590;1546577;5798;185205;52;204;0;0;0;0;0;0;0;;0,25;0,25;0,50;0,00;0,00;0,00;13918,00;12551,00;13168,00;0,03;0,02;0,04;;0,25;0,25;0,50;0,00;0,00;0,00;1,00;0,00;0,00;1,26;1,29;0,81;0,25;0,00;0,32;0,32;1,00;0,79;0,78;
4.5.2015 04:30;000,5;000,0;;;;;20590;1546577;5798;185205;52;204;0;0;0;0;0;0;0;;0,25;0,25;0,50;0,00;0,00;0,00;13915,00;12561,00;13189,00;0,03;0,02;0,04;;0,25;0,25;0,50;0,00;0,00;0,00;1,00;0,00;0,00;1,26;1,29;0,81;0,25;0,00;0,32;0,32;1,00;0,79;0,78;
4.5.2015 04:45;000,4;000,0;;;;;20590;1546577;5798;185205;52;204;0;0;0;0;0;0;0;;0,25;0,25;0,50;0,00;0,00;0,00;13904,00;12550,00;13190,00;0,03;0,02;0,04;;0,25;0,25;0,50;0,00;0,00;0,00;1,00;0,00;0,00;1,26;1,29;0,81;0,25;0,00;0,32;0,32;1,00;0,79;0,78;
4.5.2015 05:00;000,5;000,0;;;;;20590;1546577;5798;185205;52;204;0;0;0;0;0;0;0;;0,25;0,25;0,50;0,00;0,00;0,00;13881,00;12526,00;13199,00;0,03;0,02;0,04;;0,25;0,25;0,50;0,00;0,00;0,00;1,00;0,00;0,00;1,26;1,29;0,81;0,25;0,00;0,32;0,32;1,00;0,79;0,78;
4.5.2015 05:15;000,9;000,0;;;;;20590;1546577;5798;185205;52;204;0;0;0;0;0;0;0;;0,75;0,50;2,00;0,75;-0,50;0,00;13953,00;12538,00;13149,00;0,09;0,08;0,17;;1,25;1,00;2,00;0,66;0,71;0,00;3,75;0,00;1,37;4,46;4,73;2,53;0,94;0,00;1,12;1,18;1,00;0,84;0,79;
4.5.2015 05:30;000,5;000,0;;;;;20591;1546577;5798;185205;52;204;0;0;0;0;0;0;0;;0,25;0,25;0,50;0,00;0,00;0,00;13994,00;12567,00;13222,00;0,03;0,02;0,04;;0,25;0,25;0,50;0,00;0,00;0,00;1,00;0,00;0,00;1,27;1,29;0,82;0,25;0,00;0,32;0,32;1,00;0,79;0,77;
4.5.2015 05:45;000,5;000,0;;;;;20591;1546577;5798;185205;52;204;0;0;0;0;0;0;0;;0,25;0,25;0,50;0,00;0,00;0,00;13971,00;12538,00;13191,00;0,03;0,02;0,04;;0,25;0,25;0,50;0,00;0,00;0,00;1,00;0,00;0,00;1,26;1,29;0,82;0,25;0,00;0,32;0,32;1,00;0,79;0,78;
4.5.2015 06:00;000,2;000,4;;;;;20591;1546578;5799;185205;52;204;0;0;0;0;0;0;0;;-0,75;-1,00;-0,50;1,00;0,50;0,50;13995,00;12526,00;13124,00;0,12;0,12;0,09;;1,50;1,50;1,00;0,83;1,00;0,71;-2,50;2,25;2,54;4,43;4,46;1,48;-0,62;0,56;1,11;1,12;0,62;-0,56;-0,56;
4.5.2015 06:15;000,0;001,2;;;;;20591;1546578;5799;185205;52;204;0;0;0;0;0;0;0;;-1,25;-1,50;-1,00;1,00;0,50;0,50;13891,00;12463,00;13114,00;0,14;0,16;0,12;;2,00;1,75;1,50;1,20;0,75;1,00;-4,25;2,50;2,95;5,49;5,53;NaN;-1,06;0,62;1,37;1,38;0,83;-0,77;-0,77;
4.5.2015 06:30;000,0;003,9;;;;;20591;1546579;5799;185206;52;204;0;0;0;0;0;0;0;;-4,25;-4,25;-3,75;1,00;0,75;0,75;13804,00;12400,00;13046,00;0,32;0,35;0,32;;4,50;4,25;4,00;1,09;nan;1,17;-12,25;2,75;nan;13,03;13,08;NaN;-3,06;0,69;3,26;3,27;0,97;-0,94;-0,94;
4.5.2015 06:45;000,0;006,8;;;;;20591;1546581;5799;185206;52;204;0;0;0;0;0;0;0;;-4,75;-4,50;-4,50;1,00;0,75;1,00;13759,00;12362,00;13018,00;0,36;0,39;0,38;;5,00;4,75;4,75;1,20;1,32;1,15;-14,00;3,00;3,67;14,66;14,70;NaN;-3,50;0,75;3,66;3,67;0,98;-0,96;-0,95;
4.5.2015 07:00;000,0;005,2;;;;;20591;1546582;5799;185206;52;204;0;0;0;0;0;0;0;;-3,75;-3,50;-3,25;1,00;0,75;1,00;13777,00;12329,00;13012,00;0,29;0,31;0,28;;4,00;3,75;3,50;0,97;1,12;0,83;-10,75;2,75;2,92;11,59;11,63;1,88;-2,69;0,69;2,90;2,91;0,97;-0,93;-0,92;
4.5.2015 07:15;000,0;004,7;;;;;20591;1546583;5799;185207;52;204;0;0;0;0;0;0;0;;-4,75;-4,50;-4,50;1,00;0,75;1,00;13721,00;12283,00;13013,00;0,37;0,40;0,38;;5,00;4,75;4,75;1,20;1,32;1,15;-14,25;3,00;3,67;14,77;14,82;NaN;-3,56;0,75;3,69;3,70;0,98;-0,96;-0,96;
4.5.2015 07:30;000,0;004,3;;;;;20591;1546584;5799;185207;52;204;0;0;0;0;0;0;0;;-3,75;-3,75;-3,25;1,00;0,75;1,00;13689,00;12251,00;12966,00;0,30;0,32;0,29;;4,00;3,75;3,50;0,97;nan;0,83;-11,00;2,75;nan;11,72;11,76;NaN;-2,75;0,69;2,93;2,94;0,97;-0,94;-0,94;
4.5.2015 07:45;000,0;007,3;;;;;20591;1546586;5799;185207;52;204;0;0;0;0;0;0;0;;-9,00;-8,75;-8,75;1,00;1,00;1,25;13558,00;12268,00;13071,00;0,68;0,72;0,69;;9,00;8,75;9,00;nan;nan;1,70;-26,75;3,25;nan;27,07;27,13;NaN;-6,69;0,81;6,77;6,78;0,99;-0,99;-0,99;
4.5.2015 08:00;000,0;010,3;;;;;20591;1546589;5799;185208;52;204;0;0;0;0;0;0;0;;-8,75;-8,50;-8,50;1,00;0,75;1,25;13579,00;12274,00;13068,00;0,67;0,71;0,67;;9,00;8,50;8,75;1,85;nan;1,66;-26,00;3,25;nan;26,51;26,56;NaN;-6,50;0,81;6,63;6,64;0,99;-0,98;-0,98;
4.5.2015 08:15;000,0;012,4;;;;;20591;1546592;5799;185208;52;204;0;0;0;0;0;0;0;;-18,25;-16,75;-17,50;1,00;1,00;2,25;13491,00;12226,00;13003,00;1,37;1,39;1,37;;18,25;17,00;17,75;nan;2,73;1,94;-53,00;4,50;nan;53,29;53,35;NaN;-13,25;1,12;13,32;13,34;1,00;-0,99;-0,99;
4.5.2015 08:30;000,0;019,4;;;;;20591;1546596;5799;185208;52;204;0;0;0;0;0;0;0;;-12,75;-11,75;-12,25;1,00;1,00;1,75;13505,00;12204,00;12998,00;0,95;0,97;0,96;;12,75;11,75;12,25;nan;nan;nan;-36,75;3,75;nan;37,21;37,26;NaN;-9,19;0,94;9,30;9,31;0,99;-0,99;-0,99;
4.5.2015 08:45;000,0;024,3;;;;;20591;1546603;5799;185209;52;204;0;0;0;0;0;0;0;;-19,50;-18,00;-18,75;1,00;1,00;2,25;13484,00;12204,00;13032,00;1,46;1,48;1,46;;19,50;18,00;18,75;nan;nan;nan;-56,25;4,75;nan;56,71;56,77;NaN;-14,06;1,19;14,18;14,19;1,00;-0,99;-0,99;
4.5.2015 09:00;000,0;025,9;;;;;20591;1546609;5799;185209;52;204;0;0;0;0;0;0;0;;-30,50;-27,75;-29,25;1,75;1,75;4,00;13496,00;12182,00;13031,00;2,28;2,30;2,28;;30,50;28,00;29,50;nan;3,30;nan;-87,75;7,50;nan;88,37;88,47;NaN;-21,94;1,88;22,09;22,12;1,00;-0,99;-0,99;
4.5.2015 09:15;000,0;037,4;;;;;20591;1546618;5799;185210;52;204;0;0;0;0;0;0;0;;-28,50;-26,25;-27,50;1,50;1,50;3,50;13459,00;12160,00;13033,00;2,14;2,17;2,14;;28,75;26,25;27,75;3,47;nan;1,25;-82,50;6,75;nan;83,08;83,18;NaN;-20,62;1,69;20,77;20,79;1,00;-0,99;-0,99;
4.5.2015 09:30;000,0;037,3;;;;;20591;1546628;5799;185211;52;204;0;0;0;0;0;0;0;;-35,75;-32,50;-34,50;2,00;2,00;4,75;13442,00;12143,00;13037,00;2,68;2,70;2,68;;35,75;32,75;34,75;nan;3,51;nan;-103,00;9,00;nan;103,59;103,70;NaN;-25,75;2,25;25,90;25,92;1,00;-0,99;-0,99;
4.5.2015 09:45;000,0;041,5;;;;;20591;1546638;5799;185212;52;204;0;0;0;0;0;0;0;;-36,50;-33,25;-35,25;2,00;2,25;4,75;13396,00;12127,00;13014,00;2,73;2,76;2,74;;36,50;33,25;35,50;nan;nan;nan;-105,25;9,25;nan;105,70;105,81;NaN;-26,31;2,31;26,43;26,45;1,00;-1,00;-0,99;
4.5.2015 10:00;000,0;041,0;;;;;20591;1546649;5799;185213;52;204;0;0;0;0;0;0;0;;-41,00;-37,25;-39,50;2,25;2,75;5,50;13406,00;12091,00;13005,00;3,06;3,10;3,08;;41,00;37,25;40,00;nan;nan;3,08;-118,00;10,75;nan;118,56;118,70;NaN;-29,50;2,69;29,64;29,67;1,00;-1,00;-0,99;
4.5.2015 10:15;000,0;046,4;;;;;20591;1546660;5799;185214;52;204;0;0;0;0;0;0;0;;-43,50;-39,75;-42,00;2,75;3,00;6,00;13439,00;12114,00;13029,00;3,25;3,30;3,26;;43,50;39,75;42,50;nan;nan;2,50;-125,25;11,75;nan;126,10;126,25;NaN;-31,31;2,94;31,52;31,56;1,00;-0,99;-0,99;
4.5.2015 10:30;000,0;073,0;;;;;20591;1546679;5799;185216;52;204;0;0;0;0;0;0;0;;-68,00;-62,00;-66,25;3,75;4,75;9,25;13509,00;12215,00;13119,00;5,06;5,11;5,11;;68,25;62,25;66,75;4,47;2,92;nan;-196,50;18,00;nan;197,62;197,82;NaN;-49,12;4,50;49,40;49,46;1,00;-0,99;-0,99;
4.5.2015 10:45;000,0;068,1;;;;;20591;1546695;5799;185217;52;204;0;0;0;0;0;0;0;;-56,00;-51,00;-54,25;3,00;3,50;7,50;13462,00;12186,00;13085,00;4,18;4,20;4,19;;56,25;51,25;54,75;4,37;3,65;nan;-161,50;14,00;nan;162,27;162,43;NaN;-40,38;3,50;40,57;40,61;1,00;-1,00;-0,99;
4.5.2015 11:00;000,0;063,2;;;;;20591;1546711;5799;185219;52;204;0;0;0;0;0;0;0;;-52,00;-47,50;-50,25;2,75;3,25;6,75;13452,00;12203,00;13113,00;3,88;3,91;3,89;;52,00;47,50;50,75;nan;nan;2,22;-150,00;13,00;nan;150,85;151,00;NaN;-37,50;3,25;37,71;37,75;1,00;-0,99;-0,99;
4.5.2015 11:15;000,0;044,5;;;;;20591;1546722;5799;185220;52;204;0;0;0;0;0;0;0;;-32,75;-30,00;-31,75;1,75;2,00;4,00;13408,00;12116,00;13037,00;2,45;2,50;2,46;;32,75;30,00;32,00;nan;nan;nan;-94,75;8,00;nan;95,22;95,33;NaN;-23,69;2,00;23,80;23,83;1,00;-1,00;-0,99;
4.5.2015 11:30;000,0;052,8;;;;;20591;1546736;5799;185221;52;204;0;0;0;0;0;0;0;;-56,75;-51,75;-54,75;4,25;4,50;8,50;13463,00;12152,00;13085,00;4,23;4,28;4,24;;56,75;51,75;55,50;nan;nan;3,23;-163,25;17,50;nan;164,41;164,59;NaN;-40,81;4,38;41,10;41,15;0,99;-0,99;-0,99;
4.5.2015 11:45;000,0;070,3;;;;;20591;1546753;5799;185223;52;204;0;0;0;0;0;0;0;;-54,00;-49,50;-52,50;3,00;3,50;7,00;13422,00;12149,00;13073,00;4,04;4,09;4,07;;54,25;49,50;53,00;4,25;nan;1,94;-156,25;13,75;nan;157,12;157,29;NaN;-39,06;3,44;39,28;39,32;1,00;-0,99;-0,99;
4.5.2015 12:00;000,0;074,7;;;;;20591;1546772;5799;185224;52;204;0;0;0;0;0;0;0;;-73,00;-66,25;-70,75;4,25;5,00;10,25;13430,00;12121,00;13048,00;5,45;5,49;5,48;;73,00;66,50;71,50;nan;2,86;1,27;-210,00;19,75;nan;211,27;211,49;NaN;-52,50;4,94;52,82;52,87;1,00;-0,99;-0,99;
4.5.2015 12:15;000,0;085,4;;;;;20591;1546793;5799;185226;52;204;0;0;0;0;0;0;0;;-82,75;-75,25;-80,00;5,25;6,00;12,00;13444,00;12141,00;13062,00;6,18;6,22;6,21;;83,00;75,50;81,00;3,72;1,30;4,12;-238,50;23,50;9,15;239,84;240,09;11,10;-59,62;5,88;59,96;60,02;1,00;-0,99;-0,99;
4.5.2015 12:30;000,0;078,3;;;;;20591;1546813;5799;185228;52;204;0;0;0;0;0;0;0;;-79,25;-71,75;-76,50;5,00;5,75;11,50;13431,00;12128,00;13038,00;5,92;5,95;5,95;;79,50;72,00;77,50;3,83;1,70;4,66;-227,75;22,25;10,19;229,21;229,44;13,20;-56,94;5,56;57,30;57,36;1,00;-0,99;-0,99;
4.5.2015 12:45;000,0;079,3;;;;;20591;1546833;5799;185230;52;204;0;0;0;0;0;0;0;;-52,50;-47,75;-51,00;2,75;3,50;7,00;13431,00;12115,00;13037,00;3,92;3,96;3,95;;52,50;48,00;51,50;nan;3,42;1,50;-151,25;13,50;nan;152,15;152,32;NaN;-37,81;3,38;38,04;38,08;1,00;-0,99;-0,99;
4.5.2015 13:00;000,0;070,2;;;;;20591;1546850;5799;185232;52;204;0;0;0;0;0;0;0;;-59,25;-53,75;-57,50;3,25;4,00;8,25;13444,00;12154,00;13053,00;4,41;4,45;4,45;;59,25;54,00;58,00;nan;3,31;nan;-170,75;15,50;nan;171,59;171,76;NaN;-42,69;3,88;42,90;42,94;1,00;-1,00;-0,99;
4.5.2015 13:15;000,0;078,2;;;;;20591;1546870;5799;185234;52;204;0;0;0;0;0;0;0;;-83,75;-76,00;-81,00;5,25;6,25;12,50;13369,00;12106,00;13016,00;6,28;6,30;6,31;;83,75;76,25;82,00;nan;nan;2,60;-240,75;24,25;nan;242,26;242,48;NaN;-60,19;6,06;60,56;60,62;0,99;-0,99;-0,99;
4.5.2015 13:30;000,0;071,4;;;;;20591;1546888;5799;185235;52;204;0;0;0;0;0;0;0;;-55,75;-51,00;-54,50;2,75;3,75;7,25;13512,00;12261,00;13180,00;4,14;4,18;4,18;;55,75;51,25;55,00;nan;3,39;1,48;-161,25;14,25;nan;162,22;162,38;NaN;-40,31;3,56;40,55;40,59;1,00;-0,99;-0,99;
4.5.2015 13:45;000,0;074,0;;;;;20591;1546906;5799;185237;52;204;0;0;0;0;0;0;0;;-80,25;-72,75;-78,00;4,50;6,00;11,50;13593,00;12277,00;13215,00;5,93;5,97;5,99;;80,50;73,25;79,00;4,47;6,08;4,97;-231,50;22,00;15,52;232,93;233,16;6,76;-57,88;5,50;58,23;58,29;1,00;-0,99;-0,99;
4.5.2015 14:00;000,0;151,6;;;;;20591;1546945;5799;185241;52;204;0;0;0;0;0;0;0;;-179,00;-161,50;-172,50;13,50;15,25;29,25;13723,00;12394,00;13303,00;13,09;13,10;13,15;;179,50;162,25;175,00;nan;3,20;3,63;-513,25;58,25;nan;516,97;517,42;NaN;-128,31;14,56;129,24;129,36;0,99;-0,99;-0,99;
4.5.2015 14:15;000,0;171,7;;;;;20591;1546987;5799;185246;52;204;0;0;0;0;0;0;0;;-98,25;-89,00;-95,50;5,00;7,00;13,75;13742,00;12459,00;13389,00;7,17;7,18;7,22;;98,50;89,25;96,50;4,92;nan;1,71;-283,00;26,00;nan;284,76;284,99;NaN;-70,75;6,50;71,19;71,25;1,00;-0,99;-0,99;
4.5.2015 14:30;000,0;174,4;;;;;20591;1547031;5799;185251;52;204;0;0;0;0;0;0;0;;-187,25;-169,25;-180,75;14,25;16,50;30,50;13850,00;12537,00;13452,00;13,57;13,59;13,64;;188,00;170,25;183,50;8,85;8,20;8,45;-537,75;61,50;25,51;541,85;542,31;22,16;-134,44;15,38;135,46;135,58;0,99;-0,99;-0,99;
4.5.2015 14:45;000,0;240,0;;;;;20591;1547092;5799;185258;52;204;0;0;0;0;0;0;0;;-280,50;-253,25;-269,25;32,25;33,50;56,00;13876,00;12554,00;13485,00;20,36;20,35;20,41;;282,50;255,50;275,25;9,27;4,74;11,45;-803,25;122,00;25,45;813,32;814,01;43,21;-200,81;30,50;203,33;203,50;0,99;-0,99;-0,99;
4.5.2015 15:00;000,0;282,1;;;;;20591;1547162;5799;185268;52;204;0;0;0;0;0;0;0;;-196,25;-177,50;-189,50;16,00;17,75;33,00;13797,00;12503,00;13446,00;14,29;14,29;14,36;;197,00;178,50;192,50;6,24;6,40;7,55;-563,75;67,00;20,19;568,88;569,35;38,06;-140,94;16,75;142,22;142,34;0,99;-0,99;-0,99;
4.5.2015 15:15;000,0;230,8;;;;;20591;1547220;5799;185275;52;204;0;0;0;0;0;0;0;;-200,50;-178,25;-189,75;17,00;16,50;35,25;14001,00;12458,00;13362,00;14,38;14,39;14,45;;201,25;179,25;193,00;3,51;9,23;1,17;-568,75;68,75;13,91;573,76;574,41;39,34;-142,19;17,19;143,44;143,60;0,99;-0,99;-0,99;
4.5.2015 15:30;000,0;172,9;;;;;20591;1547263;5799;185280;52;204;0;0;0;0;0;0;0;;-164,50;-146,50;-156,00;11,50;11,25;26,50;13954,00;12456,00;13353,00;11,82;11,81;11,86;;165,00;147,00;158,25;5,70;4,49;2,19;-467,50;49,25;12,39;470,54;471,04;27,21;-116,88;12,31;117,63;117,76;0,99;-0,99;-0,99;
4.5.2015 15:45;000,0;154,6;;;;;20591;1547301;5799;185284;52;204;0;0;0;0;0;0;0;;-140,25;-125,00;-133,25;8,75;8,75;21,75;13970,00;12444,00;13355,00;10,09;10,09;10,14;;140,75;125,25;135,00;8,00;nan;nan;-398,75;39,50;nan;401,83;402,28;NaN;-99,69;9,88;100,46;100,57;1,00;-0,99;-0,99;
4.5.2015 16:00;000,0;112,6;;;;;20591;1547329;5799;185286;52;204;0;0;0;0;0;0;0;;-92,50;-82,50;-87,50;5,25;4,75;13,50;13942,00;12407,00;13320,00;6,66;6,67;6,67;;92,75;82,50;88,75;4,33;nan;6,17;-263,00;23,75;nan;264,39;264,69;NaN;-65,75;5,94;66,10;66,17;1,00;-0,99;-0,99;
4.5.2015 16:15;000,0;102,8;;;;;20591;1547354;5799;185289;52;204;0;0;0;0;0;0;0;;-66,50;-59,25;-63,00;3,50;3,50;9,75;13905,00;12411,00;13322,00;4,79;4,79;4,81;;66,50;59,25;64,00;nan;nan;5,65;-189,00;16,75;nan;190,10;190,30;NaN;-47,25;4,19;47,52;47,58;1,00;-0,99;-0,99;
4.5.2015 16:30;000,0;081,2;;;;;20591;1547375;5799;185291;52;204;0;0;0;0;0;0;0;;-45,50;-40,75;-43,25;2,25;2,25;6,50;13941,00;12383,00;13287,00;3,28;3,31;3,30;;45,75;40,75;43,75;4,21;nan;1,12;-129,75;11,25;nan;130,53;130,70;NaN;-32,44;2,81;32,63;32,68;1,00;-0,99;-0,99;
4.5.2015 16:45;000,0;049,8;;;;;20591;1547387;5799;185292;52;204;0;0;0;0;0;0;0;;-50,00;-44,75;-47,25;3,25;2,75;7,50;13908,00;12388,00;13289,00;3,61;3,63;3,62;;50,00;45,00;48,00;nan;3,86;3,90;-142,25;13,75;nan;143,31;143,49;NaN;-35,56;3,44;35,83;35,87;1,00;-0,99;-0,99;
4.5.2015 17:00;000,0;084,8;;;;;20591;1547408;5799;185294;52;204;0;0;0;0;0;0;0;;-65,25;-58,00;-61,50;3,50;3,00;9,50;14062,00;12454,00;13329,00;4,66;4,68;4,68;;65,50;58,25;62,25;4,52;4,48;1,60;-185,25;16,25;10,60;186,23;186,47;8,79;-46,31;4,06;46,56;46,62;1,00;-0,99;-0,99;
4.5.2015 17:15;000,0;098,8;;;;;20591;1547433;5799;185296;52;204;0;0;0;0;0;0;0;;-134,00;-118,75;-126,00;8,75;7,75;21,50;14144,00;12539,00;13423,00;9,51;9,50;9,53;;134,25;119,00;127,75;nan;nan;nan;-379,00;38,25;nan;381,51;381,97;NaN;-94,75;9,56;95,38;95,49;0,99;-0,99;-0,99;
4.5.2015 17:30;000,0;087,2;;;;;20591;1547455;5799;185298;52;204;0;0;0;0;0;0;0;;-49,50;-44,25;-46,75;2,50;2,25;7,00;14098,00;12472,00;13364,00;3,53;3,56;3,55;;49,50;44,25;47,25;nan;nan;nan;-140,75;12,00;nan;141,51;141,71;NaN;-35,19;3,00;35,38;35,43;1,00;-0,99;-0,99;
4.5.2015 17:45;000,0;066,6;;;;;20591;1547472;5799;185300;52;204;0;0;0;0;0;0;0;;-82,50;-73,50;-78,00;4,75;4,25;12,25;14120,00;12518,00;13420,00;5,86;5,88;5,89;;82,75;73,50;79,00;4,33;nan;2,63;-234,00;21,50;nan;235,46;235,76;NaN;-58,50;5,38;58,86;58,94;1,00;-0,99;-0,99;
4.5.2015 18:00;000,0;078,8;;;;;20591;1547491;5799;185302;52;204;0;0;0;0;0;0;0;;-60,50;-53,75;-56,50;3,25;2,25;8,50;14188,00;12533,00;13398,00;4,28;4,31;4,29;;60,50;54,00;57,25;nan;4,68;3,61;-171,00;14,50;nan;172,18;172,43;NaN;-42,75;3,62;43,05;43,11;1,00;-0,99;-0,99;
4.5.2015 18:15;000,0;051,7;;;;;20591;1547504;5799;185303;52;204;0;0;0;0;0;0;0;;-26,50;-23,75;-24,75;1,50;1,00;3,75;14135,00;12490,00;13373,00;1,89;1,91;1,89;;26,50;23,75;25,25;nan;nan;3,31;-75,25;6,50;nan;75,75;75,86;NaN;-18,81;1,62;18,94;18,97;1,00;-0,99;-0,99;
4.5.2015 18:30;000,0;022,2;;;;;20591;1547509;5799;185303;52;204;0;0;0;0;0;0;0;;-11,75;-10,50;-11,00;1,00;0,75;1,75;14085,00;12463,00;13326,00;0,84;0,86;0,85;;11,75;10,75;11,25;nan;2,18;1,58;-33,50;4,00;nan;33,84;33,90;NaN;-8,38;1,00;8,46;8,48;0,99;-0,99;-0,99;
4.5.2015 18:45;000,0;015,2;;;;;20591;1547513;5799;185304;52;204;0;0;0;0;0;0;0;;-17,75;-15,75;-16,50;1,00;0,75;2,50;14041,00;12469,00;13347,00;1,27;1,28;1,27;;17,75;16,00;16,75;nan;2,72;1,44;-50,25;4,75;nan;50,81;50,88;NaN;-12,56;1,19;12,70;12,72;1,00;-0,99;-0,99;
4.5.2015 19:00;000,0;017,4;;;;;20591;1547518;5799;185304;52;204;0;0;0;0;0;0;0;;-8,50;-7,75;-7,75;1,00;0,75;1,50;14085,00;12459,00;13337,00;0,62;0,63;0,61;;8,50;7,75;8,00;nan;nan;1,30;-24,25;3,50;nan;24,58;24,63;NaN;-6,06;0,88;6,15;6,16;0,99;-0,99;-0,98;
4.5.2015 19:15;000,0;007,0;;;;;20591;1547519;5799;185305;52;204;0;0;0;0;0;0;0;;-4,75;-4,50;-4,25;1,00;0,75;1,25;14085,00;12478,00;13322,00;0,36;0,37;0,35;;5,00;4,50;4,50;1,20;nan;0,79;-13,75;3,25;nan;14,35;14,38;NaN;-3,44;0,81;3,59;3,60;0,97;-0,96;-0,96;
4.5.2015 19:30;000,0;004,5;;;;;20591;1547520;5799;185305;52;204;0;0;0;0;0;0;0;;-2,50;-2,25;-1,75;1,25;0,75;1,00;14089,00;12488,00;13372,00;0,21;0,20;0,18;;2,75;2,50;2,25;nan;0,79;1,00;-6,75;3,00;nan;7,79;7,82;NaN;-1,69;0,75;1,95;1,95;0,90;-0,87;-0,86;
4.5.2015 19:45;000,0;001,4;;;;;20591;1547521;5799;185305;52;204;0;0;0;0;0;0;0;;0,00;-0,25;0,00;1,25;0,75;0,75;14052,00;12449,00;13297,00;0,11;0,09;0,09;;1,50;1,00;1,00;0,83;0,61;0,66;-0,25;2,75;2,10;3,82;3,84;1,63;-0,06;0,69;0,96;0,96;0,00;-0,07;-0,07;
4.5.2015 20:00;000,5;000,0;;;;;20591;1547521;5800;185305;52;204;0;0;0;0;0;0;0;;0,75;0,50;0,75;0,00;0,00;0,00;14081,00;12461,00;13293,00;0,06;0,05;0,06;;0,75;0,50;0,75;0,00;0,00;0,00;2,25;0,00;0,00;2,30;2,30;0,49;0,56;0,00;0,57;0,58;1,00;0,98;0,98;
4.5.2015 20:15;000,9;000,0;;;;;20591;1547521;5800;185305;52;204;0;0;0;0;0;0;0;;0,75;0,50;0,75;0,00;0,00;0,00;14062,00;12439,00;13268,00;0,06;0,05;0,06;;0,75;0,50;0,75;0,00;0,00;0,00;2,25;0,00;0,00;2,29;2,30;0,48;0,56;0,00;0,57;0,57;1,00;0,98;0,98;
4.5.2015 20:30;000,8;000,0;;;;;20591;1547521;5800;185305;52;204;0;0;0;0;0;0;0;;0,50;0,50;0,75;0,00;0,00;0,00;13978,00;12400,00;13206,00;0,04;0,05;0,06;;0,50;0,50;0,75;0,00;0,00;0,00;1,75;0,00;0,00;1,94;1,96;0,89;0,44;0,00;0,49;0,49;1,00;0,90;0,89;
4.5.2015 20:45;000,7;000,0;;;;;20591;1547521;5800;185305;52;204;0;0;0;0;0;0;0;;0,25;0,25;0,50;0,00;0,00;0,00;14077,00;12442,00;13228,00;0,04;0,03;0,05;;0,50;0,25;0,50;0,43;0,00;0,00;1,50;0,00;0,43;1,63;1,68;0,61;0,38;0,00;0,41;0,42;1,00;0,92;0,89;
4.5.2015 21:00;000,7;000,0;;;;;20592;1547521;5800;185305;52;204;0;0;0;0;0;0;0;;0,25;0,25;0,50;0,00;0,00;0,00;14062,00;12447,00;13207,00;0,04;0,03;0,05;;0,50;0,25;0,50;0,43;0,00;0,00;1,50;0,00;0,43;1,63;1,68;0,61;0,38;0,00;0,41;0,42;1,00;0,92;0,89;
4.5.2015 21:15;000,6;000,0;;;;;20592;1547521;5800;185305;52;204;0;0;0;0;0;0;0;;0,25;0,25;0,50;0,00;0,00;0,00;14053,00;12476,00;13255,00;0,04;0,03;0,05;;0,50;0,25;0,50;0,43;0,00;0,00;1,50;0,00;0,43;1,63;1,68;0,62;0,38;0,00;0,41;0,42;1,00;0,92;0,89;
4.5.2015 21:30;000,6;000,0;;;;;20592;1547521;5800;185305;52;204;0;0;0;0;0;0;0;;0,25;0,25;0,50;0,00;0,00;0,00;14091,00;12481,00;13234,00;0,04;0,03;0,05;;0,50;0,25;0,50;0,43;0,00;0,00;1,50;0,00;0,43;1,63;1,68;0,62;0,38;0,00;0,41;0,42;1,00;0,92;0,89;
4.5.2015 21:45;000,7;000,0;;;;;20592;1547521;5800;185305;52;204;0;0;0;0;0;0;0;;0,25;0,25;0,50;0,00;0,00;0,00;14104,00;12507,00;13266,00;0,04;0,03;0,05;;0,50;0,25;0,50;0,43;0,00;0,00;1,50;0,00;0,43;1,63;1,68;0,63;0,38;0,00;0,41;0,42;1,00;0,92;0,89;
4.5.2015 22:00;000,6;000,0;;;;;20592;1547521;5800;185305;52;204;0;0;0;0;0;0;0;;0,25;0,25;0,50;0,00;0,00;0,00;14089,00;12540,00;13241,00;0,04;0,03;0,05;;0,50;0,25;0,50;0,43;0,00;0,00;1,50;0,00;0,43;1,63;1,68;0,63;0,38;0,00;0,41;0,42;1,00;0,92;0,89;
4.5.2015 22:15;000,6;000,0;;;;;20592;1547521;5800;185305;52;204;0;0;0;0;0;0;0;;0,25;0,25;0,50;0,00;0,00;0,00;14082,00;12569,00;13238,00;0,04;0,02;0,04;;0,25;0,25;0,50;0,00;0,00;0,00;1,00;0,00;0,00;1,31;1,33;0,88;0,25;0,00;0,33;0,33;1,00;0,77;0,75;
4.5.2015 22:30;000,5;000,0;;;;;20593;1547521;5800;185305;52;204;0;0;0;0;0;0;0;;0,25;0,25;0,50;0,00;0,00;0,00;14131,00;12584,00;13264,00;0,04;0,02;0,04;;0,25;0,25;0,50;0,00;0,00;0,00;1,00;0,00;0,00;1,31;1,33;0,88;0,25;0,00;0,33;0,33;1,00;0,76;0,75;
4.5.2015 22:45;000,5;000,0;;;;;20593;1547521;5800;185305;52;204;0;0;0;0;0;0;0;;0,25;0,25;0,25;0,00;0,00;0,00;14102,00;12555,00;13255,00;0,03;0,02;0,04;;0,25;0,25;0,50;0,00;0,00;0,43;1,00;0,00;0,43;1,27;1,30;0,70;0,25;0,00;0,32;0,32;1,00;0,79;0,77;
4.5.2015 23:00;000,5;000,0;;;;;20593;1547521;5800;185305;52;204;0;0;0;0;0;0;0;;0,25;0,25;0,50;0,00;0,00;0,00;14119,00;12550,00;13318,00;0,03;0,02;0,04;;0,25;0,25;0,50;0,00;0,00;0,00;1,00;0,00;0,00;1,27;1,30;0,83;0,25;0,00;0,32;0,32;1,00;0,78;0,77;
4.5.2015 23:15;000,5;000,0;;;;;20593;1547521;5800;185305;52;204;0;0;0;0;0;0;0;;0,25;0,25;0,50;0,00;0,00;0,00;14169,00;12554,00;13338,00;0,04;0,02;0,04;;0,25;0,25;0,50;0,00;0,00;0,00;1,00;0,00;0,00;1,31;1,34;0,89;0,25;0,00;0,33;0,33;1,00;0,76;0,75;
