Cas;P+;P-;Q1;Q2;Q3;Q4;A+;A-;AQ1;AQ2;AQ3;AQ4;S;AP1;AP2;AP3;D1;D2;D3;;P1;P2;P3;Q1;Q2;Q3;U1;U2;U3;I1;I2;I3;;S1;S2;S3;D1;D2;D3;P;Q;D;Sa;Sr;N;AP++;AQ++;Asa++;Asr++;cosFi;P/Sa;P/Sr
 ;"1.5";"2.5";"5.5";"6.5";"7.5";"8.5";"1.8";"2.8";"5.8";"6.8";"7.8";"8.8";"9.8";"21.8";"41.8";"61.8";"181.5";"182.5";"183.5"
 ;[kW];[kW];[kvar];[kvar];[kvar];[kvar];[kWh];[kWh];[kvarh];[kvarh];[kvarh];[kvarh];[kVAh];[kWh];[kWh];[kWh];[kvar];[kvar];[kvar]; ;[kW];[kW];[kW];[kvar];[kvar];[kvar];[V];[V];[V];[A];[A];[A]; ;[kVA];[kVA];[kVA];[kvar];[kvar];kvar];[kW];[kvar];[kvar];[kVAh];[kVAh];[kvar];[kWh];[kvarh];[kVAh];[kVAh]
1.1.2015 00:00;001,9;000,0;;;;;18974;1424106;5508;170741;52;163;0;0;0;0;0;0;0;;1,50;1,50;1,00;0,00;0,00;0,00;14203,00;12473,00;13337,00;0,12;0,14;0,08;;1,50;1,75;1,00;0,00;0,90;0,00;4,25;0,00;0,90;4,51;4,66;1,68;1,06;0,00;1,13;1,16;1,00;0,94;0,91;
1.1.2015 00:15;001,7;000,0;;;;;18975;1424106;5508;170741;52;163;0;0;0;0;0;0;0;;1,50;1,50;1,00;0,00;0,00;0,00;14202,00;12485,00;13355,00;0,12;0,14;0,08;;1,50;1,75;1,00;0,00;0,90;0,00;4,25;0,00;0,90;4,52;4,66;1,68;1,06;0,00;1,13;1,16;1,00;0,94;0,91;
1.1.2015 00:30;001,8;000,0;;;;;18975;1424106;5508;170741;52;163;0;0;0;0;0;0;0;;1,50;1,75;1,00;0,00;0,00;0,00;14217,00;12507,00;13373,00;0,12;0,14;0,08;;1,50;1,75;1,00;0,00;0,00;0,00;4,25;0,00;0,00;4,52;4,67;1,93;1,06;0,00;1,13;1,17;1,00;0,94;0,91;
1.1.2015 00:45;002,0;000,0;;;;;18976;1424106;5508;170741;52;163;0;0;0;0;0;0;0;;1,50;2,00;1,00;-0,50;0,00;0,00;14197,00;12488,00;13350,00;0,13;0,17;0,09;;1,75;2,00;1,00;0,75;0,00;0,00;4,75;-0,50;0,75;5,17;5,37;2,35;1,19;-0,12;1,29;1,34;0,99;0,92;0,88;
1.1.2015 01:00;001,8;000,0;;;;;18976;1424106;5508;170741;52;163;0;0;0;0;0;0;0;;1,50;1,75;1,00;0,00;0,00;0,00;14243,00;12534,00;13413,00;0,12;0,14;0,08;;1,50;1,75;1,00;0,00;0,00;0,00;4,25;0,00;0,00;4,57;4,70;2,01;1,06;0,00;1,14;1,18;1,00;0,93;0,90;
1.1.2015 01:15;001,8;000,0;;;;;18977;1424106;5508;170741;52;163;0;0;0;0;0;0;0;;1,50;1,75;1,00;0,00;0,00;0,00;14257,00;12555,00;13424,00;0,12;0,14;0,08;;1,50;1,75;1,00;0,00;0,00;0,00;4,25;0,00;0,00;4,57;4,71;2,02;1,06;0,00;1,14;1,18;1,00;0,93;0,90;
1.1.2015 01:30;001,7;000,0;;;;;18977;1424106;5508;170741;52;163;0;0;0;0;0;0;0;;1,50;1,75;1,00;0,00;0,00;0,00;14245,00;12530,00;13405,00;0,12;0,14;0,08;;1,50;1,75;1,00;0,00;0,00;0,00;4,25;0,00;0,00;4,57;4,70;2,00;1,06;0,00;1,14;1,17;1,00;0,93;0,90;
1.1.2015 01:45;002,0;000,0;;;;;18978;1424106;5508;170741;52;163;0;0;0;0;0;0;0;;1,50;1,75;1,00;0,00;0,00;0,00;14260,00;12543,00;13392,00;0,12;0,14;0,08;;1,50;1,75;1,00;0,00;0,00;0,00;4,25;0,00;0,00;4,57;4,70;2,01;1,06;0,00;1,14;1,18;1,00;0,93;0,90;
1.1.2015 02:00;001,8;000,0;;;;;18978;1424106;5508;170741;52;163;0;0;0;0;0;0;0;;1,50;1,75;1,00;0,00;0,00;0,00;14229,00;12527,00;13408,00;0,12;0,14;0,08;;1,50;1,75;1,00;0,00;0,00;0,00;4,25;0,00;0,00;4,56;4,70;2,00;1,06;0,00;1,14;1,17;1,00;0,93;0,90;
1.1.2015 02:15;001,8;000,0;;;;;18978;1424106;5508;170741;52;163;0;0;0;0;0;0;0;;1,50;1,75;1,00;0,00;0,00;0,00;14277,00;12554,00;13428,00;0,12;0,14;0,08;;1,50;1,75;1,00;0,00;0,00;0,00;4,25;0,00;0,00;4,57;4,71;2,03;1,06;0,00;1,14;1,18;1,00;0,93;0,90;
1.1.2015 02:30;001,8;000,0;;;;;18979;1424106;5508;170741;52;163;0;0;0;0;0;0;0;;1,75;2,00;1,00;-0,50;0,00;0,00;14306,00;12566,00;13412,00;0,13;0,17;0,09;;1,75;2,00;1,00;nan;0,00;0,00;5,00;-0,50;nan;5,24;5,43;NaN;1,25;-0,12;1,31;1,36;1,00;0,95;0,92;
1.1.2015 02:45;002,0;000,0;;;;;18979;1424106;5508;170741;52;163;0;0;0;0;0;0;0;;1,50;1,75;1,00;0,00;0,00;0,00;14312,00;12579,00;13419,00;0,12;0,14;0,08;;1,50;1,75;1,00;0,00;0,00;0,00;4,50;0,00;0,00;4,58;4,71;1,41;1,12;0,00;1,15;1,18;1,00;0,98;0,95;
1.1.2015 03:00;001,7;000,0;;;;;18980;1424106;5508;170741;52;163;0;0;0;0;0;0;0;;1,00;1,50;1,00;0,00;0,00;0,00;14246,00;12569,00;13436,00;0,09;0,14;0,08;;1,25;1,50;1,00;0,75;0,00;0,00;3,75;0,00;0,75;4,09;4,24;1,83;0,94;0,00;1,02;1,06;1,00;0,92;0,88;
1.1.2015 03:15;001,6;000,0;;;;;18980;1424106;5508;170741;52;163;0;0;0;0;0;0;0;;1,25;1,50;1,00;0,00;0,00;0,00;14302,00;12574,00;13413,00;0,09;0,14;0,08;;1,25;1,50;1,00;0,00;0,00;0,00;3,75;0,00;0,00;4,09;4,24;1,99;0,94;0,00;1,02;1,06;1,00;0,92;0,88;
1.1.2015 03:30;001,7;000,0;;;;;18981;1424106;5508;170741;52;163;0;0;0;0;0;0;0;;1,25;2,00;1,00;-0,50;0,00;0,00;14317,00;12573,00;13416,00;0,10;0,16;0,09;;1,50;2,00;1,00;0,66;0,00;0,00;4,50;-0,50;0,66;4,75;4,97;1,95;1,12;-0,12;1,19;1,24;0,99;0,95;0,90;
1.1.2015 03:45;001,6;000,0;;;;;18981;1424106;5508;170741;52;163;0;0;0;0;0;0;0;;1,25;1,50;1,00;0,00;0,00;0,00;14302,00;12578,00;13411,00;0,09;0,14;0,08;;1,25;1,50;1,00;0,00;0,00;0,00;3,75;0,00;0,00;4,09;4,24;1,99;0,94;0,00;1,02;1,06;1,00;0,92;0,88;
1.1.2015 04:00;001,6;000,0;;;;;18981;1424106;5508;170741;52;163;0;0;0;0;0;0;0;;1,25;1,50;1,00;0,00;0,00;0,00;14276,00;12555,00;13398,00;0,09;0,14;0,08;;1,25;1,50;1,00;0,00;0,00;0,00;3,75;0,00;0,00;4,05;4,21;1,92;0,94;0,00;1,01;1,05;1,00;0,93;0,89;
1.1.2015 04:15;002,0;000,0;;;;;18982;1424106;5508;170741;52;163;0;0;0;0;0;0;0;;1,50;2,00;1,00;-0,50;0,00;0,00;14268,00;12577,00;13449,00;0,13;0,17;0,09;;1,75;2,00;1,25;0,75;0,00;0,75;5,00;-0,50;1,50;5,24;5,43;1,41;1,25;-0,12;1,31;1,36;1,00;0,95;0,92;
1.1.2015 04:30;002,0;000,0;;;;;18982;1424106;5508;170741;52;163;0;0;0;0;0;0;0;;1,50;1,75;1,00;0,00;0,00;0,00;14283,00;12573,00;13433,00;0,12;0,14;0,08;;1,50;1,75;1,00;0,00;0,00;0,00;4,50;0,00;0,00;4,58;4,71;1,40;1,12;0,00;1,14;1,18;1,00;0,98;0,96;
1.1.2015 04:45;001,8;000,0;;;;;18983;1424106;5508;170741;52;163;0;0;0;0;0;0;0;;1,50;2,00;1,00;-0,50;0,00;0,00;14257,00;12567,00;13442,00;0,13;0,17;0,09;;1,75;2,00;1,00;0,75;0,00;0,00;5,00;-0,50;0,75;5,23;5,43;1,91;1,25;-0,12;1,31;1,36;1,00;0,96;0,92;
1.1.2015 05:00;002,0;000,0;;;;;18983;1424106;5508;170741;52;163;0;0;0;0;0;0;0;;1,50;1,75;1,00;0,00;0,00;0,00;14240,00;12570,00;13464,00;0,12;0,14;0,08;;1,50;1,75;1,00;0,00;0,00;0,00;4,50;0,00;0,00;4,58;4,71;1,39;1,12;0,00;1,14;1,18;1,00;0,98;0,96;
1.1.2015 05:15;001,8;000,0;;;;;18984;1424106;5508;170741;52;163;0;0;0;0;0;0;0;;1,50;1,75;1,00;0,00;0,00;0,00;14215,00;12559,00;13457,00;0,12;0,14;0,08;;1,50;1,75;1,00;0,00;0,00;0,00;4,25;0,00;0,00;4,57;4,70;2,02;1,06;0,00;1,14;1,18;1,00;0,93;0,90;
1.1.2015 05:30;001,9;000,0;;;;;18984;1424106;5508;170741;52;163;0;0;0;0;0;0;0;;1,50;2,00;1,00;-0,50;0,00;0,00;14276,00;12563,00;13436,00;0,13;0,17;0,09;;1,75;2,00;1,00;0,75;0,00;0,00;5,00;-0,50;0,75;5,23;5,43;1,91;1,25;-0,12;1,31;1,36;1,00;0,96;0,92;
1.1.2015 05:45;001,8;000,0;;;;;18985;1424106;5508;170741;52;163;0;0;0;0;0;0;0;;1,50;1,75;1,00;0,00;0,00;0,00;14241,00;12562,00;13440,00;0,12;0,14;0,08;;1,50;1,75;1,00;0,00;0,00;0,00;4,25;0,00;0,00;4,57;4,71;2,02;1,06;0,00;1,14;1,18;1,00;0,93;0,90;
1.1.2015 06:00;001,8;000,0;;;;;18985;1424106;5508;170741;52;163;0;0;0;0;0;0;0;;1,50;1,75;1,00;0,00;0,00;0,00;14291,00;12571,00;13439,00;0,12;0,14;0,08;;1,50;1,75;1,00;0,00;0,00;0,00;4,50;0,00;0,00;4,58;4,71;1,40;1,12;0,00;1,14;1,18;1,00;0,98;0,95;
1.1.2015 06:15;001,8;000,0;;;;;18986;1424106;5508;170741;52;163;0;0;0;0;0;0;0;;1,75;2,00;1,00;-0,50;0,00;0,00;14248,00;12580,00;13471,00;0,13;0,17;0,09;;1,75;2,00;1,25;nan;0,00;0,75;5,00;-0,50;nan;5,27;5,47;NaN;1,25;-0,12;1,32;1,37;1,00;0,95;0,91;
1.1.2015 06:30;002,0;000,0;;;;;18986;1424106;5509;170741;52;163;0;0;0;0;0;0;0;;1,50;1,75;1,00;0,00;0,00;0,00;14272,00;12568,00;13470,00;0,12;0,14;0,08;;1,50;1,75;1,00;0,00;0,00;0,00;4,50;0,00;0,00;4,58;4,71;1,40;1,12;0,00;1,14;1,18;1,00;0,98;0,95;
1.1.2015 06:45;001,8;000,0;;;;;18987;1424106;5509;170741;52;163;0;0;0;0;0;0;0;;1,50;1,75;1,00;0,00;0,00;0,00;14298,00;12566,00;13438,00;0,12;0,14;0,08;;1,50;1,75;1,00;0,00;0,00;0,00;4,50;0,00;0,00;4,58;4,71;1,40;1,12;0,00;1,14;1,18;1,00;0,98;0,95;
1.1.2015 07:00;002,0;000,0;;;;;18987;1424106;5509;170741;52;163;0;0;0;0;0;0;0;;1,75;2,00;1,00;-0,50;0,00;0,00;14273,00;12581,00;13463,00;0,13;0,17;0,09;;1,75;2,00;1,25;nan;0,00;0,75;5,00;-0,50;nan;5,24;5,43;NaN;1,25;-0,12;1,31;1,36;1,00;0,95;0,92;
1.1.2015 07:15;001,8;000,0;;;;;18988;1424106;5509;170741;52;163;0;0;0;0;0;0;0;;1,25;1,50;1,00;0,00;0,00;0,00;14320,00;12591,00;13452,00;0,09;0,14;0,08;;1,25;1,50;1,00;0,00;0,00;0,00;3,75;0,00;0,00;4,10;4,25;2,00;0,94;0,00;1,03;1,06;1,00;0,91;0,88;
1.1.2015 07:30;001,6;000,0;;;;;18988;1424106;5509;170741;52;163;0;0;0;0;0;0;0;;0,25;1,25;2,00;8,75;7,50;9,25;14295,00;12591,00;13450,00;0,63;0,63;0,72;;9,00;7,75;9,50;2,09;1,50;0,83;4,00;26,00;4,42;26,66;26,75;1,99;1,00;6,50;6,67;6,69;0,98;0,15;0,15;
1.1.2015 07:45;000,8;000,1;;;;;18988;1424106;5511;170741;52;163;0;0;0;0;0;0;0;;-0,50;0,00;-0,25;0,00;0,50;1,00;14327,00;12592,00;13443,00;0,08;0,09;0,12;;1,00;1,00;1,50;0,87;0,87;1,09;-1,00;1,75;2,82;3,79;3,85;1,68;-0,25;0,44;0,95;0,96;-0,18;-0,26;-0,26;
1.1.2015 08:00;000,0;000,5;;;;;18988;1424106;5511;170741;52;163;0;0;0;0;0;0;0;;-1,00;-0,25;-1,00;0,00;0,75;1,25;14338,00;12571,00;13393,00;0,09;0,09;0,14;;1,00;1,00;1,75;0,00;0,61;0,71;-2,50;2,25;1,32;4,19;4,31;2,35;-0,62;0,56;1,05;1,08;0,62;-0,60;-0,58;
1.1.2015 08:15;000,0;002,3;;;;;18988;1424107;5511;170741;52;163;0;0;0;0;0;0;0;;-4,25;-3,50;-4,50;0,00;1,00;1,50;14296,00;12578,00;13416,00;0,32;0,30;0,37;;4,50;3,75;4,75;1,48;0,90;0,25;-12,50;2,50;2,63;13,27;13,33;2,86;-3,12;0,62;3,32;3,33;0,98;-0,94;-0,94;
1.1.2015 08:30;000,0;006,6;;;;;18988;1424109;5511;170742;52;163;0;0;0;0;0;0;0;;-7,00;-6,00;-7,00;0,00;1,00;1,50;14295,00;12613,00;13419,00;0,50;0,49;0,55;;7,00;6,00;7,25;0,00;nan;1,15;-20,25;2,50;nan;20,71;20,75;NaN;-5,06;0,62;5,18;5,19;0,99;-0,98;-0,98;
1.1.2015 08:45;000,0;035,0;;;;;18988;1424118;5511;170742;52;163;0;0;0;0;0;0;0;;-47,25;-40,75;-43,75;2,00;1,75;7,50;14401,00;12594,00;13434,00;3,29;3,24;3,32;;47,25;40,75;44,50;nan;nan;3,15;-131,75;11,75;nan;132,75;132,91;NaN;-32,94;2,94;33,19;33,23;1,00;-0,99;-0,99;
1.1.2015 09:00;000,0;064,0;;;;;18988;1424134;5511;170744;52;163;0;0;0;0;0;0;0;;-65,50;-57,00;-61,00;2,75;2,25;9,75;14489,00;12662,00;13512,00;4,54;4,51;4,59;;65,75;57,00;61,75;5,02;nan;nan;-183,75;15,00;nan;184,87;185,13;NaN;-45,94;3,75;46,22;46,28;1,00;-0,99;-0,99;
1.1.2015 09:15;000,0;080,5;;;;;18988;1424154;5511;170746;52;163;0;0;0;0;0;0;0;;-78,50;-68,00;-73,00;3,50;2,75;12,25;14419,00;12625,00;13525,00;5,46;5,40;5,49;;78,75;68,25;74,00;5,20;5,15;nan;-220,00;18,75;nan;221,22;221,50;NaN;-55,00;4,69;55,31;55,37;1,00;-0,99;-0,99;
1.1.2015 09:30;000,0;093,6;;;;;18988;1424177;5511;170748;52;163;0;0;0;0;0;0;0;;-90,75;-77,50;-83,50;4,25;3,00;15,00;14570,00;12536,00;13533,00;6,24;6,19;6,28;;90,75;77,50;84,75;nan;nan;nan;-251,75;22,75;nan;253,57;254,00;NaN;-62,94;5,69;63,39;63,50;1,00;-0,99;-0,99;
1.1.2015 09:45;000,0;106,5;;;;;18988;1424204;5511;170750;52;163;0;0;0;0;0;0;0;;-79,00;-70,00;-74,25;4,25;3,25;11,50;14334,00;12645,00;13573,00;5,53;5,55;5,55;;79,25;70,25;75,25;4,64;4,95;4,15;-223,50;19,25;13,74;224,91;225,22;14,61;-55,88;4,81;56,23;56,31;1,00;-0,99;-0,99;
1.1.2015 10:00;000,0;120,7;;;;;18988;1424234;5511;170753;52;163;0;0;0;0;0;0;0;;-100,00;-88,50;-93,75;5,25;4,00;14,50;14356,00;12643,00;13552,00;6,99;7,01;7,01;;100,25;88,50;95,00;4,74;nan;5,07;-282,50;24,25;nan;284,04;284,44;NaN;-70,62;6,06;71,01;71,11;1,00;-0,99;-0,99;
1.1.2015 10:15;000,0;142,2;;;;;18988;1424270;5511;170756;52;163;0;0;0;0;0;0;0;;-145,25;-127,00;-135,25;9,25;7,50;24,00;14417,00;12650,00;13530,00;10,11;10,06;10,16;;145,75;127,25;137,50;7,74;2,70;6,14;-407,75;41,00;16,59;410,52;411,06;27,40;-101,94;10,25;102,63;102,76;0,99;-0,99;-0,99;
1.1.2015 10:30;000,0;181,2;;;;;18988;1424315;5511;170761;52;163;0;0;0;0;0;0;0;;-150,25;-131,25;-139,50;10,00;8,00;25,25;14377,00;12608,00;13460,00;10,48;10,44;10,55;;150,50;131,50;141,75;nan;1,30;nan;-421,25;43,50;nan;424,24;424,81;NaN;-105,31;10,88;106,06;106,20;0,99;-0,99;-0,99;
1.1.2015 10:45;000,0;066,4;;;;;18988;1424331;5511;170763;52;163;0;0;0;0;0;0;0;;-47,00;-40,25;-43,50;2,00;1,75;7,75;14314,00;12544,00;13429,00;3,30;3,23;3,31;;47,25;40,50;44,25;4,42;4,14;2,40;-131,25;11,50;10,96;132,17;132,31;5,11;-32,81;2,88;33,04;33,08;1,00;-0,99;-0,99;
1.1.2015 11:00;000,0;146,2;;;;;18988;1424368;5511;170766;52;163;0;0;0;0;0;0;0;;-81,00;-71,50;-76,25;4,00;3,25;11,75;14337,00;12583,00;13475,00;5,66;5,70;5,73;;81,00;71,50;77,25;nan;nan;3,93;-228,75;19,25;nan;230,12;230,48;NaN;-57,19;4,81;57,53;57,62;1,00;-0,99;-0,99;
1.1.2015 11:15;000,0;048,9;;;;;18988;1424380;5511;170767;52;163;0;0;0;0;0;0;0;;-28,50;-24,25;-26,50;0,75;0,75;4,50;14254,00;12548,00;13438,00;2,01;1,94;2,01;;28,50;24,25;27,00;nan;nan;2,55;-79,50;6,25;nan;80,10;80,16;NaN;-19,88;1,56;20,03;20,04;1,00;-0,99;-0,99;
1.1.2015 11:30;000,0;103,8;;;;;18988;1424406;5511;170770;52;163;0;0;0;0;0;0;0;;-65,50;-57,25;-62,00;2,75;3,25;10,25;14301,00;12591,00;13475,00;4,59;4,56;4,68;;65,50;57,25;63,00;nan;nan;4,47;-185,00;16,50;nan;186,19;186,42;NaN;-46,25;4,12;46,55;46,61;1,00;-0,99;-0,99;
1.1.2015 11:45;000,0;064,2;;;;;18988;1424422;5511;170771;52;163;0;0;0;0;0;0;0;;-75,50;-65,50;-70,50;3,25;3,00;11,50;14357,00;12582,00;13462,00;5,27;5,23;5,32;;75,50;65,75;71,50;nan;4,88;3,12;-211,75;18,00;nan;213,15;213,43;NaN;-52,94;4,50;53,29;53,36;1,00;-0,99;-0,99;
1.1.2015 12:00;000,0;061,3;;;;;18988;1424437;5511;170773;52;163;0;0;0;0;0;0;0;;-45,25;-40,00;-42,50;2,00;1,50;6,25;14317,00;12572,00;13495,00;3,18;3,20;3,20;;45,50;40,25;43,00;4,32;4,22;1,92;-128,25;10,25;10,46;128,94;129,14;3,85;-32,06;2,56;32,23;32,29;1,00;-0,99;-0,99;
1.1.2015 12:15;000,0;068,8;;;;;18988;1424455;5511;170774;52;163;0;0;0;0;0;0;0;;-89,50;-78,75;-83,25;5,00;3,75;13,50;14378,00;12617,00;13529,00;6,24;6,25;6,25;;89,50;78,75;84,50;nan;nan;5,24;-251,75;22,50;nan;253,20;253,57;NaN;-62,94;5,62;63,30;63,39;1,00;-0,99;-0,99;
1.1.2015 12:30;000,0;070,8;;;;;18988;1424472;5511;170776;52;163;0;0;0;0;0;0;0;;-33,50;-28,50;-31,00;1,00;1,00;5,25;14370,00;12585,00;13483,00;2,34;2,28;2,35;;33,50;28,50;31,50;nan;nan;1,92;-93,25;7,50;nan;93,94;94,03;NaN;-23,31;1,88;23,49;23,51;1,00;-0,99;-0,99;
1.1.2015 12:45;000,0;034,6;;;;;18988;1424481;5511;170776;52;163;0;0;0;0;0;0;0;;-34,00;-29,75;-31,50;1,50;1,00;4,75;14346,00;12595,00;13486,00;2,38;2,38;2,37;;34,00;29,75;31,75;nan;nan;nan;-95,25;7,50;nan;95,98;96,12;NaN;-23,81;1,88;23,99;24,03;1,00;-0,99;-0,99;
1.1.2015 13:00;000,0;038,0;;;;;18988;1424490;5511;170777;52;163;0;0;0;0;0;0;0;;-22,25;-19,50;-20,50;1,00;0,50;3,00;14329,00;12570,00;13447,00;1,56;1,57;1,55;;22,25;19,75;20,75;nan;3,09;1,15;-62,50;4,75;nan;62,93;63,03;NaN;-15,62;1,19;15,73;15,76;1,00;-0,99;-0,99;
1.1.2015 13:15;000,0;025,5;;;;;18988;1424497;5511;170778;52;163;0;0;0;0;0;0;0;;-23,00;-19,25;-21,25;0,50;0,50;3,75;14376,00;12548,00;13414,00;1,61;1,54;1,61;;23,00;19,25;21,50;nan;nan;nan;-63,50;5,25;nan;64,13;64,18;NaN;-15,88;1,31;16,03;16,05;1,00;-0,99;-0,99;
1.1.2015 13:30;000,0;027,1;;;;;18988;1424504;5511;170778;52;163;0;0;0;0;0;0;0;;-22,75;-19,25;-21,00;0,50;0,50;3,75;14345,00;12555,00;13379,00;1,60;1,54;1,61;;22,75;19,25;21,50;nan;nan;2,68;-63,25;5,25;nan;63,76;63,81;NaN;-15,81;1,31;15,94;15,95;1,00;-0,99;-0,99;
1.1.2015 13:45;000,0;021,4;;;;;18988;1424509;5511;170779;52;163;0;0;0;0;0;0;0;;-16,25;-13,50;-15,00;0,00;0,50;2,75;14353,00;12544,00;13394,00;1,14;1,09;1,16;;16,25;13,50;15,50;0,00;nan;2,77;-45,25;3,50;nan;45,61;45,65;NaN;-11,31;0,88;11,40;11,41;1,00;-0,99;-0,99;
1.1.2015 14:00;000,0;017,8;;;;;18988;1424513;5511;170779;52;163;0;0;0;0;0;0;0;;-16,75;-14,00;-15,50;0,00;0,50;3,00;14359,00;12534,00;13371,00;1,19;1,13;1,19;;17,00;14,00;15,75;2,90;nan;nan;-46,75;3,50;nan;47,19;47,23;NaN;-11,69;0,88;11,80;11,81;1,00;-0,99;-0,99;
1.1.2015 14:15;000,0;015,7;;;;;18988;1424517;5511;170779;52;163;0;0;0;0;0;0;0;;-12,50;-10,50;-11,75;0,00;0,50;2,25;14276,00;12526,00;13411,00;0,90;0,85;0,90;;12,75;10,50;12,00;2,51;nan;0,94;-35,00;3,00;nan;35,53;35,55;NaN;-8,75;0,75;8,88;8,89;1,00;-0,99;-0,98;
1.1.2015 14:30;000,0;017,7;;;;;18988;1424522;5511;170780;52;163;0;0;0;0;0;0;0;;-15,25;-12,75;-14,00;0,00;0,50;2,75;14275,00;12549,00;13424,00;1,08;1,02;1,08;;15,25;12,75;14,25;0,00;nan;nan;-42,00;3,50;nan;42,55;42,57;NaN;-10,50;0,88;10,64;10,64;1,00;-0,99;-0,99;
1.1.2015 14:45;000,0;014,7;;;;;18988;1424525;5511;170780;52;163;0;0;0;0;0;0;0;;-10,75;-8,75;-10,00;0,00;0,50;2,25;14287,00;12542,00;13405,00;0,77;0,72;0,77;;11,00;9,00;10,25;2,33;2,05;0,00;-29,75;3,00;4,38;30,36;30,37;3,01;-7,44;0,75;7,59;7,59;0,99;-0,98;-0,98;
1.1.2015 15:00;000,0;011,1;;;;;18988;1424528;5511;170780;52;163;0;0;0;0;0;0;0;;-7,00;-5,50;-6,25;0,00;0,50;1,75;14266,00;12549,00;13429,00;0,50;0,45;0,50;;7,00;5,50;6,75;0,00;nan;1,85;-19,00;2,50;nan;19,53;19,54;NaN;-4,75;0,62;4,88;4,88;0,99;-0,97;-0,97;
1.1.2015 15:15;000,0;008,1;;;;;18988;1424530;5511;170781;52;163;0;0;0;0;0;0;0;;-7,75;-6,25;-7,25;0,00;0,75;1,75;14248,00;12543,00;13422,00;0,56;0,51;0,57;;7,75;6,25;7,50;0,00;nan;0,79;-21,50;2,50;nan;22,05;22,07;NaN;-5,38;0,62;5,51;5,52;0,99;-0,97;-0,97;
1.1.2015 15:30;000,0;008,4;;;;;18988;1424532;5511;170781;52;163;0;0;0;0;0;0;0;;-4,00;-2,75;-3,50;0,00;0,75;1,50;14255,00;12570,00;13452,00;0,29;0,24;0,31;;4,00;2,75;4,00;0,00;nan;1,22;-10,25;2,50;nan;11,22;11,25;NaN;-2,56;0,62;2,81;2,81;0,97;-0,91;-0,91;
1.1.2015 15:45;000,2;001,0;;;;;18988;1424532;5511;170781;52;163;0;0;0;0;0;0;0;;0,25;1,00;0,50;0,00;0,50;1,00;14239,00;12552,00;13421,00;0,08;0,13;0,12;;1,00;1,50;1,50;0,97;1,00;1,00;2,25;1,75;2,97;4,41;4,56;1,97;0,56;0,44;1,10;1,14;0,71;0,51;0,49;
1.1.2015 16:00;000,9;000,0;;;;;18988;1424532;5512;170781;52;163;0;0;0;0;0;0;0;;0,75;1,50;0,75;0,00;0,00;0,00;14296,00;12505,00;13372,00;0,07;0,13;0,08;;1,00;1,50;1,00;0,66;0,00;0,66;3,25;0,00;1,32;3,63;3,83;1,53;0,81;0,00;0,91;0,96;1,00;0,89;0,85;
1.1.2015 16:15;001,3;000,0;;;;;18989;1424532;5512;170781;52;163;0;0;0;0;0;0;0;;0,75;1,50;0,75;0,00;0,00;0,00;14229,00;12492,00;13351,00;0,07;0,13;0,08;;1,00;1,50;1,00;0,66;0,00;0,66;3,25;0,00;1,32;3,62;3,82;1,51;0,81;0,00;0,91;0,95;1,00;0,90;0,85;
1.1.2015 16:30;000,8;000,0;;;;;18989;1424532;5512;170781;52;163;0;0;0;0;0;0;0;;1,25;2,00;1,00;-0,50;0,00;0,00;14191,00;12503,00;13383,00;0,10;0,16;0,09;;1,50;2,00;1,00;0,66;0,00;0,00;4,50;-0,50;0,66;4,73;4,94;1,87;1,12;-0,12;1,18;1,24;0,99;0,95;0,91;
1.1.2015 16:45;001,3;000,0;;;;;18989;1424532;5512;170781;52;163;0;0;0;0;0;0;0;;1,00;1,50;1,00;0,00;0,00;0,00;14190,00;12477,00;13368,00;0,09;0,14;0,08;;1,25;1,50;1,00;0,75;0,00;0,00;3,75;0,00;0,75;4,10;4,25;1,84;0,94;0,00;1,03;1,06;1,00;0,91;0,88;
1.1.2015 17:00;001,4;000,0;;;;;18990;1424532;5512;170781;52;163;0;0;0;0;0;0;0;;1,00;1,50;0,75;0,00;0,00;0,00;14233,00;12503,00;13360,00;0,09;0,14;0,08;;1,25;1,50;1,00;0,75;0,00;0,66;3,75;0,00;1,41;4,04;4,20;1,25;0,94;0,00;1,01;1,05;1,00;0,93;0,89;
1.1.2015 17:15;001,6;000,0;;;;;18990;1424532;5512;170781;52;163;0;0;0;0;0;0;0;;0,75;0,25;0,50;0,00;0,00;0,00;14158,00;12471,00;13352,00;0,06;0,03;0,05;;0,75;0,25;0,50;0,00;0,00;0,00;1,75;0,00;0,00;1,89;1,93;0,82;0,44;0,00;0,47;0,48;1,00;0,93;0,90;
1.1.2015 17:30;001,4;000,0;;;;;18990;1424532;5512;170781;52;163;0;0;0;0;0;0;0;;1,50;2,00;1,00;-0,50;0,00;0,00;14137,00;12473,00;13373,00;0,13;0,17;0,09;;1,75;2,00;1,00;0,75;0,00;0,00;4,75;-0,50;0,75;5,16;5,37;2,33;1,19;-0,12;1,29;1,34;0,99;0,92;0,89;
1.1.2015 17:45;001,7;000,0;;;;;18991;1424532;5512;170781;52;163;0;0;0;0;0;0;0;;1,50;1,75;1,00;0,00;0,00;0,00;14148,00;12482,00;13357,00;0,12;0,14;0,08;;1,50;1,75;1,00;0,00;0,00;0,00;4,25;0,00;0,00;4,51;4,65;1,89;1,06;0,00;1,13;1,16;1,00;0,94;0,91;
1.1.2015 18:00;001,5;000,0;;;;;18991;1424532;5512;170781;52;163;0;0;0;0;0;0;0;;1,00;1,50;0,75;0,00;0,00;0,00;14252,00;12480,00;13313,00;0,09;0,14;0,08;;1,25;1,50;1,00;0,75;0,00;0,66;3,75;0,00;1,41;4,03;4,19;1,23;0,94;0,00;1,01;1,05;1,00;0,93;0,89;
1.1.2015 18:15;001,6;000,0;;;;;18992;1424532;5512;170781;52;163;0;0;0;0;0;0;0;;0,75;1,50;0,75;0,00;0,00;0,00;14205,00;12479,00;13326,00;0,07;0,13;0,08;;1,00;1,50;1,00;0,66;0,00;0,66;3,25;0,00;1,32;3,62;3,81;1,49;0,81;0,00;0,90;0,95;1,00;0,90;0,85;
1.1.2015 18:30;001,2;000,0;;;;;18992;1424532;5512;170781;52;163;0;0;0;0;0;0;0;;1,00;1,50;0,75;0,00;0,00;0,00;14178,00;12485,00;13340,00;0,09;0,14;0,08;;1,25;1,50;1,00;0,75;0,00;0,66;3,75;0,00;1,41;4,03;4,19;1,22;0,94;0,00;1,01;1,05;1,00;0,93;0,90;
1.1.2015 18:45;001,5;000,0;;;;;18992;1424532;5512;170781;52;163;0;0;0;0;0;0;0;;0,75;0,50;0,50;0,00;0,00;0,00;14213,00;12501,00;13360,00;0,07;0,06;0,05;;0,75;0,50;0,50;0,00;0,00;0,00;2,25;0,00;0,00;2,38;2,39;0,80;0,56;0,00;0,59;0,60;1,00;0,95;0,94;
1.1.2015 19:00;001,3;000,0;;;;;18993;1424532;5512;170781;52;163;0;0;0;0;0;0;0;;1,00;1,50;0,75;0,00;0,00;0,00;14189,00;12475,00;13334,00;0,09;0,14;0,08;;1,25;1,50;1,00;0,75;0,00;0,66;3,75;0,00;1,41;4,03;4,19;1,22;0,94;0,00;1,01;1,05;1,00;0,93;0,90;
1.1.2015 19:15;001,5;000,0;;;;;18993;1424532;5512;170781;52;163;0;0;0;0;0;0;0;;1,25;0,75;0,75;0,00;0,00;0,00;14189,00;12468,00;13315,00;0,09;0,06;0,06;;1,25;0,75;0,75;0,00;0,00;0,00;2,75;0,00;0,00;2,96;2,99;1,16;0,69;0,00;0,74;0,75;1,00;0,93;0,92;
1.1.2015 19:30;001,6;000,0;;;;;18993;1424532;5512;170781;52;163;0;0;0;0;0;0;0;;1,50;2,00;1,00;-0,50;0,00;0,00;14205,00;12483,00;13331,00;0,13;0,17;0,09;;1,75;2,00;1,00;0,75;0,00;0,00;4,75;-0,50;0,75;5,17;5,37;2,34;1,19;-0,12;1,29;1,34;0,99;0,92;0,88;
1.1.2015 19:45;001,9;000,0;;;;;18994;1424532;5512;170781;52;163;0;0;0;0;0;0;0;;0,75;0,25;0,50;0,00;0,00;0,00;14229,00;12495,00;13309,00;0,06;0,03;0,05;;0,75;0,25;0,50;0,00;0,00;0,00;1,75;0,00;0,00;1,89;1,94;0,83;0,44;0,00;0,47;0,48;1,00;0,92;0,90;
1.1.2015 20:00;001,3;000,0;;;;;18994;1424532;5512;170781;52;163;0;0;0;0;0;0;0;;1,25;2,00;1,00;-0,50;0,00;0,00;14172,00;12513,00;13349,00;0,10;0,16;0,09;;1,50;2,00;1,00;0,66;0,00;0,00;4,25;-0,50;0,66;4,69;4,91;2,32;1,06;-0,12;1,17;1,23;0,99;0,91;0,86;
1.1.2015 20:15;001,6;000,0;;;;;18995;1424532;5512;170781;52;163;0;0;0;0;0;0;0;;1,00;0,25;0,50;0,00;0,00;0,00;14201,00;12465,00;13317,00;0,09;0,04;0,06;;1,00;0,50;0,75;0,00;0,43;0,56;2,25;0,00;0,99;2,50;2,58;0,77;0,56;0,00;0,63;0,64;1,00;0,90;0,87;
1.1.2015 20:30;001,8;000,0;;;;;18995;1424532;5512;170781;52;163;0;0;0;0;0;0;0;;1,50;1,50;1,00;0,00;0,00;0,00;14214,00;12468,00;13311,00;0,12;0,14;0,08;;1,50;1,75;1,00;0,00;0,90;0,00;4,25;0,00;0,90;4,51;4,65;1,67;1,06;0,00;1,13;1,16;1,00;0,94;0,91;
1.1.2015 20:45;001,8;000,0;;;;;18995;1424532;5512;170781;52;163;0;0;0;0;0;0;0;;1,50;2,00;1,00;-0,50;0,00;0,00;14223,00;12484,00;13308,00;0,13;0,17;0,09;;1,75;2,00;1,00;0,75;0,00;0,00;4,75;-0,50;0,75;5,17;5,37;2,34;1,19;-0,12;1,29;1,34;0,99;0,92;0,88;
1.1.2015 21:00;002,0;000,0;;;;;18996;1424532;5512;170781;52;163;0;0;0;0;0;0;0;;1,50;2,00;1,00;-0,50;0,00;0,00;14199,00;12491,00;13328,00;0,13;0,17;0,09;;1,75;2,00;1,00;0,75;0,00;0,00;4,75;-0,50;0,75;5,17;5,37;2,34;1,19;-0,12;1,29;1,34;0,99;0,92;0,88;
1.1.2015 21:15;001,9;000,0;;;;;18996;1424532;5512;170781;52;163;0;0;0;0;0;0;0;;1,50;1,50;1,00;0,00;0,00;0,00;14133,00;12477,00;13312,00;0,12;0,14;0,08;;1,50;1,75;1,00;0,00;0,90;0,00;4,25;0,00;0,90;4,50;4,65;1,64;1,06;0,00;1,13;1,16;1,00;0,94;0,91;
1.1.2015 21:30;001,9;000,0;;;;;18997;1424532;5512;170781;52;163;0;0;0;0;0;0;0;;1,50;2,00;1,00;-0,50;0,00;0,00;14186,00;12485,00;13278,00;0,13;0,17;0,09;;1,75;2,00;1,00;0,75;0,00;0,00;4,75;-0,50;0,75;5,16;5,36;2,32;1,19;-0,12;1,29;1,34;0,99;0,92;0,89;
1.1.2015 21:45;001,8;000,0;;;;;18997;1424532;5512;170781;52;163;0;0;0;0;0;0;0;;1,50;1,50;1,00;0,00;0,00;0,00;14178,00;12494,00;13301,00;0,12;0,14;0,08;;1,50;1,75;1,00;0,00;0,90;0,00;4,25;0,00;0,90;4,51;4,65;1,66;1,06;0,00;1,13;1,16;1,00;0,94;0,91;
1.1.2015 22:00;001,8;000,0;;;;;18998;1424532;5512;170781;52;163;0;0;0;0;0;0;0;;1,50;1,50;1,00;0,00;0,00;0,00;14115,00;12508,00;13333,00;0,12;0,14;0,08;;1,50;1,75;1,00;0,00;0,90;0,00;4,25;0,00;0,90;4,51;4,65;1,65;1,06;0,00;1,13;1,16;1,00;0,94;0,91;
1.1.2015 22:15;001,9;000,0;;;;;18998;1424532;5512;170781;52;163;0;0;0;0;0;0;0;;1,50;1,50;1,00;0,00;0,00;0,00;14183,00;12514,00;13277,00;0,12;0,14;0,08;;1,50;1,75;1,00;0,00;0,90;0,00;4,25;0,00;0,90;4,51;4,65;1,66;1,06;0,00;1,13;1,16;1,00;0,94;0,91;
1.1.2015 22:30;001,8;000,0;;;;;18999;1424532;5512;170781;52;163;0;0;0;0;0;0;0;;1,50;1,75;1,00;0,00;0,00;0,00;14152,00;12537,00;13326,00;0,12;0,14;0,08;;1,50;1,75;1,00;0,00;0,00;0,00;4,25;0,00;0,00;4,52;4,66;1,90;1,06;0,00;1,13;1,16;1,00;0,94;0,91;
1.1.2015 22:45;001,9;000,0;;;;;18999;1424532;5512;170781;52;163;0;0;0;0;0;0;0;;1,50;2,00;1,00;-0,50;0,00;0,00;14203,00;12529,00;13256,00;0,13;0,17;0,09;;1,75;2,00;1,00;0,75;0,00;0,00;4,75;-0,50;0,75;5,17;5,37;2,33;1,19;-0,12;1,29;1,34;0,99;0,92;0,89;
1.1.2015 23:00;001,8;000,0;;;;;19000;1424532;5512;170781;52;163;0;0;0;0;0;0;0;;1,50;2,00;1,00;-0,50;0,00;0,00;14217,00;12552,00;13257,00;0,13;0,17;0,09;;1,75;2,00;1,00;0,75;0,00;0,00;4,75;-0,50;0,75;5,18;5,37;2,34;1,19;-0,12;1,29;1,34;0,99;0,92;0,88;
1.1.2015 23:15;002,0;000,0;;;;;19000;1424532;5512;170781;52;163;0;0;0;0;0;0;0;;1,50;2,00;1,00;-0,50;0,00;0,00;14172,00;12554,00;13329,00;0,13;0,17;0,09;;1,75;2,00;1,00;0,75;0,00;0,00;4,75;-0,50;0,75;5,18;5,38;2,35;1,19;-0,12;1,29;1,34;0,99;0,92;0,88;
1.1.2015 23:30;002,0;000,0;;;;;19001;1424532;5512;170781;52;163;0;0;0;0;0;0;0;;1,50;2,00;1,00;-0,50;0,00;0,00;14252,00;12578,00;13291,00;0,13;0,17;0,09;;1,75;2,00;1,00;0,75;0,00;0,00;5,00;-0,50;0,75;5,19;5,38;1,78;1,25;-0,12;1,30;1,35;1,00;0,96;0,93;
1.1.2015 23:45;001,9;000,0;;;;;19001;1424532;5512;170781;52;163;0;0;0;0;0;0;0;;1,50;1,75;1,00;0,00;0,00;0,00;14244,00;12580,00;13302,00;0,12;0,14;0,08;;1,50;1,75;1,00;0,00;0,00;0,00;4,25;0,00;0,00;4,53;4,67;1,93;1,06;0,00;1,13;1,17;1,00;0,94;0,91;
2.1.2015 00:00;001,9;000,0;;;;;19002;1424532;5512;170781;52;163;0;0;0;0;0;0;0;;1,50;2,00;1,00;-0,50;0,00;0,00;14243,00;12602,00;13349,00;0,13;0,17;0,09;;1,75;2,00;1,00;0,75;0,00;0,00;5,00;-0,50;0,75;5,20;5,39;1,81;1,25;-0,12;1,30;1,35;1,00;0,96;0,93;
2.1.2015 00:15;001,8;000,0;;;;;19002;1424532;5512;170781;52;163;0;0;0;0;0;0;0;;1,50;2,00;1,00;-0,50;0,00;0,00;14181,00;12594,00;13363,00;0,13;0,17;0,09;;1,75;2,00;1,00;0,75;0,00;0,00;5,00;-0,50;0,75;5,19;5,39;1,79;1,25;-0,12;1,30;1,35;1,00;0,96;0,93;
2.1.2015 00:30;001,9;000,0;;;;;19003;1424532;5512;170781;52;163;0;0;0;0;0;0;0;;1,25;0,75;0,75;0,00;0,00;0,00;14222,00;12621,00;13374,00;0,09;0,07;0,06;;1,25;0,75;0,75;0,00;0,00;0,00;2,75;0,00;0,00;3,00;3,03;1,28;0,69;0,00;0,75;0,76;1,00;0,92;0,91;
2.1.2015 00:45;001,8;000,0;;;;;19003;1424532;5513;170781;52;163;0;0;0;0;0;0;0;;1,50;2,00;1,00;-0,50;0,00;0,00;14272,00;12628,00;13357,00;0,13;0,17;0,09;;1,75;2,00;1,00;0,75;0,00;0,00;5,00;-0,50;0,75;5,24;5,43;1,90;1,25;-0,12;1,31;1,36;1,00;0,95;0,92;
2.1.2015 01:00;001,8;000,0;;;;;19003;1424532;5513;170781;52;163;0;0;0;0;0;0;0;;1,50;2,00;1,00;-0,50;0,00;0,00;14286,00;12628,00;13363,00;0,13;0,17;0,09;;1,75;2,00;1,00;0,75;0,00;0,00;5,00;-0,50;0,75;5,24;5,43;1,91;1,25;-0,12;1,31;1,36;1,00;0,95;0,92;
2.1.2015 01:15;002,0;000,0;;;;;19004;1424532;5513;170781;52;163;0;0;0;0;0;0;0;;1,50;2,00;1,00;-0,50;0,00;0,00;14265,00;12635,00;13381,00;0,13;0,17;0,09;;1,75;2,00;1,00;0,75;0,00;0,00;5,00;-0,50;0,75;5,24;5,43;1,91;1,25;-0,12;1,31;1,36;1,00;0,95;0,92;
2.1.2015 01:30;001,9;000,0;;;;;19004;1424532;5513;170781;52;163;0;0;0;0;0;0;0;;1,50;1,75;1,00;0,00;0,00;0,00;14252,00;12628,00;13360,00;0,12;0,14;0,08;;1,50;1,75;1,00;0,00;0,00;0,00;4,25;0,00;0,00;4,58;4,71;2,02;1,06;0,00;1,14;1,18;1,00;0,93;0,90;
2.1.2015 01:45;001,9;000,0;;;;;19005;1424532;5513;170781;52;163;0;0;0;0;0;0;0;;1,50;1,75;1,00;0,00;0,00;0,00;14255,00;12623,00;13363,00;0,12;0,14;0,08;;1,50;1,75;1,00;0,00;0,00;0,00;4,25;0,00;0,00;4,58;4,71;2,02;1,06;0,00;1,14;1,18;1,00;0,93;0,90;
2.1.2015 02:00;002,0;000,0;;;;;19005;1424532;5513;170781;52;163;0;0;0;0;0;0;0;;1,50;2,00;1,00;-0,50;0,00;0,00;14280,00;12655,00;13380,00;0,13;0,17;0,09;;1,75;2,00;1,00;0,75;0,00;0,00;5,00;-0,50;0,75;5,25;5,43;1,93;1,25;-0,12;1,31;1,36;1,00;0,95;0,92;
2.1.2015 02:15;001,9;000,0;;;;;19006;1424532;5513;170781;52;163;0;0;0;0;0;0;0;;1,50;1,75;1,00;0,00;0,00;0,00;14236,00;12657,00;13415,00;0,12;0,14;0,08;;1,50;1,75;1,00;0,00;0,00;0,00;4,50;0,00;0,00;4,58;4,71;1,40;1,12;0,00;1,15;1,18;1,00;0,98;0,95;
2.1.2015 02:30;001,9;000,0;;;;;19006;1424532;5513;170781;52;163;0;0;0;0;0;0;0;;1,50;2,00;1,00;-0,50;0,00;0,00;14258,00;12646,00;13369,00;0,13;0,17;0,09;;1,75;2,00;1,00;0,75;0,00;0,00;5,00;-0,50;0,75;5,24;5,43;1,91;1,25;-0,12;1,31;1,36;1,00;0,95;0,92;
2.1.2015 02:45;002,1;000,0;;;;;19007;1424532;5513;170781;52;163;0;0;0;0;0;0;0;;1,50;2,00;1,00;-0,50;0,00;0,00;14255,00;12646,00;13346,00;0,13;0,17;0,09;;1,75;2,00;1,00;0,75;0,00;0,00;5,00;-0,50;0,75;5,24;5,42;1,90;1,25;-0,12;1,31;1,36;1,00;0,95;0,92;
2.1.2015 03:00;002,0;000,0;;;;;19007;1424532;5513;170781;52;163;0;0;0;0;0;0;0;;1,50;2,00;1,00;-0,50;0,00;0,00;14219,00;12614,00;13361,00;0,13;0,17;0,09;;1,75;2,00;1,00;0,75;0,00;0,00;5,00;-0,50;0,75;5,23;5,42;1,88;1,25;-0,12;1,31;1,35;1,00;0,96;0,92;
2.1.2015 03:15;001,9;000,0;;;;;19008;1424532;5513;170781;52;163;0;0;0;0;0;0;0;;1,50;2,00;1,00;-0,50;0,00;0,00;14231,00;12640,00;13380,00;0,13;0,17;0,09;;1,75;2,00;1,00;0,75;0,00;0,00;5,00;-0,50;0,75;5,24;5,42;1,90;1,25;-0,12;1,31;1,36;1,00;0,95;0,92;
2.1.2015 03:30;002,0;000,0;;;;;19008;1424532;5513;170781;52;163;0;0;0;0;0;0;0;;1,50;2,00;1,00;-0,50;0,00;0,00;14242,00;12631,00;13361,00;0,13;0,17;0,09;;1,75;2,00;1,00;0,75;0,00;0,00;5,00;-0,50;0,75;5,23;5,42;1,89;1,25;-0,12;1,31;1,36;1,00;0,96;0,92;
2.1.2015 03:45;002,0;000,0;;;;;19009;1424532;5513;170781;52;163;0;0;0;0;0;0;0;;1,50;2,00;1,00;-0,50;0,00;0,00;14262,00;12638,00;13348,00;0,13;0,17;0,09;;1,75;2,00;1,00;0,75;0,00;0,00;5,00;-0,50;0,75;5,24;5,42;1,90;1,25;-0,12;1,31;1,36;1,00;0,95;0,92;
2.1.2015 04:00;001,8;000,0;;;;;19009;1424532;5513;170781;52;163;0;0;0;0;0;0;0;;1,50;2,00;1,00;-0,50;0,00;0,00;14261,00;12630,00;13359,00;0,13;0,17;0,09;;1,75;2,00;1,00;0,75;0,00;0,00;5,00;-0,50;0,75;5,24;5,42;1,90;1,25;-0,12;1,31;1,36;1,00;0,95;0,92;
2.1.2015 04:15;001,9;000,0;;;;;19010;1424532;5513;170781;52;163;0;0;0;0;0;0;0;;1,25;0,75;0,75;0,00;0,00;0,00;14235,00;12597,00;13365,00;0,09;0,07;0,06;;1,25;0,75;0,75;0,00;0,00;0,00;2,75;0,00;0,00;3,00;3,03;1,28;0,69;0,00;0,75;0,76;1,00;0,92;0,91;
2.1.2015 04:30;001,7;000,0;;;;;19010;1424532;5513;170781;52;163;0;0;0;0;0;0;0;;1,50;2,00;1,00;-0,50;0,00;0,00;14242,00;12595,00;13364,00;0,13;0,17;0,09;;1,75;2,00;1,00;0,75;0,00;0,00;5,00;-0,50;0,75;5,23;5,42;1,88;1,25;-0,12;1,31;1,35;1,00;0,96;0,92;
2.1.2015 04:45;001,8;000,0;;;;;19011;1424532;5513;170781;52;163;0;0;0;0;0;0;0;;1,50;2,00;1,00;-0,50;0,00;0,00;14230,00;12599,00;13353,00;0,13;0,17;0,09;;1,75;2,00;1,00;0,75;0,00;0,00;5,00;-0,50;0,75;5,23;5,42;1,87;1,25;-0,12;1,31;1,35;1,00;0,96;0,92;
2.1.2015 05:00;001,7;000,0;;;;;19011;1424532;5513;170781;52;163;0;0;0;0;0;0;0;;1,50;2,00;1,00;-0,50;0,00;0,00;14266,00;12632,00;13369,00;0,13;0,17;0,09;;1,75;2,00;1,00;0,75;0,00;0,00;5,00;-0,50;0,75;5,24;5,43;1,91;1,25;-0,12;1,31;1,36;1,00;0,95;0,92;
2.1.2015 05:15;001,9;000,0;;;;;19012;1424532;5513;170781;52;163;0;0;0;0;0;0;0;;1,50;2,00;1,00;-0,50;0,00;0,00;14241,00;12634,00;13391,00;0,13;0,17;0,09;;1,75;2,00;1,00;0,75;0,00;0,00;5,00;-0,50;0,75;5,24;5,43;1,91;1,25;-0,12;1,31;1,36;1,00;0,95;0,92;
2.1.2015 05:30;002,0;000,0;;;;;19012;1424532;5513;170781;52;163;0;0;0;0;0;0;0;;1,50;1,75;1,00;0,00;0,00;0,00;14219,00;12633,00;13361,00;0,12;0,14;0,08;;1,50;1,75;1,00;0,00;0,00;0,00;4,25;0,00;0,00;4,57;4,70;2,01;1,06;0,00;1,14;1,18;1,00;0,93;0,90;
2.1.2015 05:45;001,7;000,0;;;;;19012;1424532;5513;170781;52;163;0;0;0;0;0;0;0;;1,25;2,00;1,00;-0,50;0,00;0,00;14218,00;12636,00;13375,00;0,10;0,16;0,09;;1,50;2,00;1,00;0,66;0,00;0,00;4,50;-0,50;0,66;4,75;4,96;1,92;1,12;-0,12;1,19;1,24;0,99;0,95;0,91;
2.1.2015 06:00;002,0;000,0;;;;;19013;1424532;5514;170781;52;163;0;0;0;0;0;0;0;;1,50;2,00;1,00;-0,50;0,00;0,00;14257,00;12639,00;13333,00;0,13;0,17;0,09;;1,75;2,00;1,00;0,75;0,00;0,00;5,00;-0,50;0,75;5,24;5,42;1,89;1,25;-0,12;1,31;1,36;1,00;0,96;0,92;
2.1.2015 06:15;001,8;000,0;;;;;19013;1424532;5514;170781;52;163;0;0;0;0;0;0;0;;1,50;2,00;1,00;-0,50;0,00;0,00;14161,00;12608,00;13326,00;0,13;0,17;0,09;;1,75;2,00;1,00;0,75;0,00;0,00;5,00;-0,50;0,75;5,18;5,38;1,77;1,25;-0,12;1,30;1,35;1,00;0,96;0,93;
2.1.2015 06:30;002,0;000,0;;;;;19014;1424532;5514;170781;52;163;0;0;0;0;0;0;0;;1,50;2,00;1,00;-0,50;0,00;0,00;14162,00;12572,00;13273,00;0,13;0,17;0,09;;1,75;2,00;1,00;0,75;0,00;0,00;4,75;-0,50;0,75;5,17;5,37;2,33;1,19;-0,12;1,29;1,34;0,99;0,92;0,88;
2.1.2015 06:45;001,6;000,0;;;;;19014;1424532;5514;170781;52;163;0;0;0;0;0;0;0;;1,25;0,75;0,75;0,00;0,00;0,00;14159,00;12589,00;13320,00;0,09;0,07;0,06;;1,25;0,75;0,75;0,00;0,00;0,00;2,75;0,00;0,00;2,99;3,02;1,25;0,69;0,00;0,75;0,76;1,00;0,92;0,91;
2.1.2015 07:00;001,7;000,0;;;;;19015;1424532;5514;170781;52;163;0;0;0;0;0;0;0;;1,50;2,00;1,00;-0,50;0,00;0,00;14190,00;12578,00;13301,00;0,13;0,17;0,09;;1,75;2,00;1,00;0,75;0,00;0,00;5,00;-0,50;0,75;5,18;5,38;1,76;1,25;-0,12;1,30;1,34;1,00;0,97;0,93;
2.1.2015 07:15;001,8;000,0;;;;;19015;1424532;5514;170781;52;163;0;0;0;0;0;0;0;;1,50;2,00;1,00;-0,50;0,00;0,00;14227,00;12590,00;13311,00;0,13;0,17;0,09;;1,75;2,00;1,00;0,75;0,00;0,00;5,00;-0,50;0,75;5,19;5,39;1,79;1,25;-0,12;1,30;1,35;1,00;0,96;0,93;
2.1.2015 07:30;001,9;000,0;;;;;19016;1424532;5514;170781;52;163;0;0;0;0;0;0;0;;1,50;2,00;1,00;-0,50;0,00;0,00;14188,00;12607,00;13358,00;0,13;0,17;0,09;;1,75;2,00;1,00;0,75;0,00;0,00;5,00;-0,50;0,75;5,22;5,41;1,86;1,25;-0,12;1,31;1,35;1,00;0,96;0,92;
2.1.2015 07:45;001,2;000,0;;;;;19016;1424532;5515;170781;52;163;0;0;0;0;0;0;0;;0,00;0,75;1,25;8,75;7,75;9,00;14169,00;12577,00;13302,00;0,62;0,63;0,69;;8,75;7,75;9,25;0,00;nan;1,73;2,25;25,75;nan;26,09;26,16;NaN;0,56;6,44;6,52;6,54;0,43;0,09;0,09;
2.1.2015 08:00;000,3;000,7;;;;;19016;1424533;5515;170781;52;163;0;0;0;0;0;0;0;;-1,75;-1,00;-1,75;0,00;0,75;1,25;14229,00;12577,00;13252,00;0,13;0,12;0,18;;1,75;1,50;2,25;0,00;0,83;0,66;-4,50;2,25;1,49;5,81;5,91;2,73;-1,12;0,56;1,45;1,48;0,88;-0,77;-0,76;
2.1.2015 08:15;000,0;005,1;;;;;19016;1424534;5515;170781;52;163;0;0;0;0;0;0;0;;-7,00;-5,75;-7,00;0,00;1,00;1,75;14105,00;12533,00;13260,00;0,51;0,48;0,55;;7,00;6,00;7,25;0,00;1,39;0,71;-20,00;2,75;2,10;20,47;20,51;2,94;-5,00;0,69;5,12;5,13;0,99;-0,98;-0,98;
2.1.2015 08:30;000,0;014,0;;;;;19016;1424537;5515;170782;52;163;0;0;0;0;0;0;0;;-18,50;-16,00;-17,75;0,00;1,00;3,00;14099,00;12518,00;13261,00;1,32;1,28;1,38;;18,50;16,00;18,25;0,00;nan;3,00;-52,50;4,25;nan;52,93;52,99;NaN;-13,12;1,06;13,23;13,25;1,00;-0,99;-0,99;
2.1.2015 08:45;000,0;023,9;;;;;19016;1424543;5515;170782;52;163;0;0;0;0;0;0;0;;-24,00;-21,75;-23,00;1,00;1,00;3,00;14140,00;12508,00;13276,00;1,71;1,75;1,75;;24,00;21,75;23,25;nan;nan;1,60;-68,75;5,50;nan;69,27;69,39;NaN;-17,19;1,38;17,32;17,35;1,00;-0,99;-0,99;
2.1.2015 09:00;000,0;019,4;;;;;19016;1424548;5515;170783;52;163;0;0;0;0;0;0;0;;-18,00;-15,25;-17,00;0,00;0,75;3,00;14200,00;12492,00;13271,00;1,28;1,23;1,32;;18,00;15,25;17,50;0,00;nan;2,87;-50,75;4,00;nan;51,06;51,11;NaN;-12,69;1,00;12,77;12,78;1,00;-0,99;-0,99;
2.1.2015 09:15;000,0;023,9;;;;;19016;1424554;5515;170783;52;163;0;0;0;0;0;0;0;;-28,00;-24,00;-26,50;0,50;1,00;4,50;14073,00;12425,00;13232,00;2,01;1,94;2,04;;28,25;24,00;26,75;3,72;nan;nan;-78,75;6,25;nan;79,35;79,41;NaN;-19,69;1,56;19,84;19,85;1,00;-0,99;-0,99;
2.1.2015 09:30;000,0;034,9;;;;;19016;1424563;5515;170784;52;163;0;0;0;0;0;0;0;;-23,25;-19,75;-22,00;0,00;1,00;3,75;14056,00;12425,00;13244,00;1,67;1,61;1,70;;23,25;19,75;22,25;0,00;nan;nan;-65,50;4,75;nan;65,90;65,95;NaN;-16,38;1,19;16,47;16,49;1,00;-0,99;-0,99;
2.1.2015 09:45;000,0;020,1;;;;;19016;1424568;5515;170784;52;163;0;0;0;0;0;0;0;;-16,50;-14,25;-15,75;0,00;0,75;2,75;14026,00;12388,00;13173,00;1,19;1,16;1,22;;16,50;14,25;16,00;0,00;nan;0,61;-46,75;3,50;nan;47,17;47,21;NaN;-11,69;0,88;11,79;11,80;1,00;-0,99;-0,99;
2.1.2015 10:00;000,0;024,5;;;;;19016;1424574;5515;170785;52;163;0;0;0;0;0;0;0;;-23,75;-20,25;-22,25;0,50;0,75;3,75;14077,00;12410,00;13197,00;1,70;1,64;1,73;;23,75;20,25;22,75;nan;nan;2,90;-66,75;5,50;nan;67,15;67,20;NaN;-16,69;1,38;16,79;16,80;1,00;-0,99;-0,99;
2.1.2015 10:15;000,0;023,4;;;;;19016;1424580;5515;170785;52;163;0;0;0;0;0;0;0;;-17,75;-15,25;-16,75;0,00;0,75;3,00;14055,00;12395,00;13143,00;1,27;1,24;1,30;;17,75;15,25;17,00;0,00;nan;nan;-49,75;3,75;nan;50,28;50,33;NaN;-12,44;0,94;12,57;12,58;1,00;-0,99;-0,99;
2.1.2015 10:30;000,0;018,2;;;;;19016;1424585;5515;170786;52;163;0;0;0;0;0;0;0;;-14,00;-12,50;-13,25;0,75;0,75;2,00;14035,00;12447,00;13199,00;1,00;1,02;1,02;;14,00;12,50;13,25;nan;nan;nan;-40,00;3,75;nan;40,26;40,33;NaN;-10,00;0,94;10,07;10,08;1,00;-0,99;-0,99;
2.1.2015 10:45;000,0;017,1;;;;;19016;1424589;5515;170786;52;163;0;0;0;0;0;0;0;;-15,00;-12,75;-14,25;0,00;0,75;2,50;14042,00;12466,00;13163,00;1,08;1,04;1,11;;15,00;12,75;14,50;0,00;nan;0,97;-42,25;3,50;nan;42,71;42,75;NaN;-10,56;0,88;10,68;10,69;1,00;-0,99;-0,99;
2.1.2015 11:00;000,0;016,7;;;;;19016;1424593;5515;170786;52;163;0;0;0;0;0;0;0;;-15,50;-13,25;-14,75;0,00;0,75;2,50;14035,00;12452,00;13182,00;1,11;1,07;1,14;;15,50;13,25;15,00;0,00;nan;1,09;-43,50;3,50;nan;43,92;43,97;NaN;-10,88;0,88;10,98;10,99;1,00;-0,99;-0,99;
2.1.2015 11:15;000,0;025,1;;;;;19016;1424599;5515;170787;52;163;0;0;0;0;0;0;0;;-27,00;-23,25;-25,50;0,75;1,25;4,25;14024,00;12477,00;13206,00;1,93;1,87;1,96;;27,00;23,25;25,75;nan;nan;nan;-75,75;6,25;nan;76,22;76,27;NaN;-18,94;1,56;19,05;19,07;1,00;-0,99;-0,99;
2.1.2015 11:30;000,0;038,3;;;;;19016;1424609;5515;170788;52;163;0;0;0;0;0;0;0;;-37,25;-32,50;-35,00;1,25;1,50;5,75;14047,00;12492,00;13238,00;2,67;2,61;2,69;;37,25;32,50;35,50;nan;nan;1,48;-105,25;8,75;nan;105,78;105,87;NaN;-26,31;2,19;26,45;26,47;1,00;-0,99;-0,99;
2.1.2015 11:45;000,0;047,7;;;;;19016;1424621;5515;170789;52;163;0;0;0;0;0;0;0;;-50,50;-45,25;-47,25;3,25;2,50;7,50;14063,00;12508,00;13238,00;3,61;3,63;3,63;;50,75;45,25;48,00;3,84;nan;3,90;-143,25;13,25;nan;144,23;144,41;NaN;-35,81;3,31;36,06;36,10;1,00;-0,99;-0,99;
2.1.2015 12:00;000,0;057,3;;;;;19016;1424635;5515;170790;52;163;0;0;0;0;0;0;0;;-53,00;-46,50;-49,75;2,75;2,75;8,50;14076,00;12529,00;13274,00;3,78;3,72;3,81;;53,25;46,50;50,50;4,36;nan;1,71;-149,50;14,50;nan;150,49;150,62;NaN;-37,38;3,62;37,62;37,66;1,00;-0,99;-0,99;
2.1.2015 12:15;000,0;054,7;;;;;19016;1424649;5515;170791;52;163;0;0;0;0;0;0;0;;-35,25;-30,50;-33,00;1,00;1,25;5,50;14142,00;12528,00;13304,00;2,50;2,44;2,52;;35,25;30,50;33,50;nan;nan;1,73;-99,00;8,00;nan;99,52;99,60;NaN;-24,75;2,00;24,88;24,90;1,00;-0,99;-0,99;
2.1.2015 12:30;000,0;039,8;;;;;19016;1424659;5515;170792;52;163;0;0;0;0;0;0;0;;-44,50;-38,25;-41,25;1,75;1,75;7,00;14155,00;12521,00;13291,00;3,15;3,07;3,16;;44,50;38,25;41,75;nan;nan;nan;-124,00;11,00;nan;124,93;125,03;NaN;-31,00;2,75;31,23;31,26;1,00;-0,99;-0,99;
2.1.2015 12:45;000,0;069,1;;;;;19016;1424677;5515;170794;52;163;0;0;0;0;0;0;0;;-159,00;-140,00;-148,25;11,75;9,75;27,00;14207,00;12589,00;13339,00;11,22;11,15;11,30;;159,25;140,25;150,75;nan;nan;4,30;-447,25;49,00;nan;450,63;451,14;NaN;-111,81;12,25;112,66;112,78;0,99;-0,99;-0,99;
2.1.2015 13:00;000,0;093,9;;;;;19016;1424700;5515;170796;52;163;0;0;0;0;0;0;0;;-50,00;-43,75;-47,25;2,00;2,00;7,50;14107,00;12517,00;13292,00;3,56;3,51;3,60;;50,25;43,75;47,75;4,59;nan;nan;-141,25;11,50;nan;142,11;142,24;NaN;-35,31;2,88;35,53;35,56;1,00;-0,99;-0,99;
2.1.2015 13:15;000,0;060,0;;;;;19016;1424715;5515;170797;52;163;0;0;0;0;0;0;0;;-87,75;-77,00;-81,75;4,75;4,00;13,50;14154,00;12525,00;13271,00;6,22;6,16;6,26;;87,75;77,00;83,00;nan;nan;4,87;-246,75;22,75;nan;248,13;248,40;NaN;-61,69;5,69;62,03;62,10;1,00;-0,99;-0,99;
2.1.2015 13:30;000,0;145,3;;;;;19016;1424751;5515;170801;52;163;0;0;0;0;0;0;0;;-126,25;-111,00;-117,75;8,00;6,25;20,25;14157,00;12548,00;13274,00;8,94;8,87;9,01;;126,50;111,25;119,50;nan;4,06;2,26;-355,25;34,75;nan;357,47;357,85;NaN;-88,81;8,69;89,37;89,46;1,00;-0,99;-0,99;
2.1.2015 13:45;000,0;102,4;;;;;19016;1424777;5515;170803;52;163;0;0;0;0;0;0;0;;-61,75;-55,00;-57,75;3,25;2,50;8,50;14132,00;12515,00;13257,00;4,38;4,40;4,41;;61,75;55,00;58,50;nan;nan;3,86;-174,50;14,50;nan;175,46;175,70;NaN;-43,62;3,62;43,86;43,92;1,00;-0,99;-0,99;
2.1.2015 14:00;000,0;075,7;;;;;19016;1424796;5515;170805;52;163;0;0;0;0;0;0;0;;-82,75;-73,50;-77,25;5,00;3,50;12,00;14159,00;12519,00;13258,00;5,86;5,89;5,91;;83,00;73,50;78,25;4,05;nan;3,39;-233,75;21,00;nan;235,10;235,42;NaN;-58,44;5,25;58,78;58,86;1,00;-0,99;-0,99;
2.1.2015 14:15;000,0;055,3;;;;;19016;1424809;5515;170806;52;163;0;0;0;0;0;0;0;;-29,50;-26,25;-27,50;1,50;1,00;4,00;14085,00;12496,00;13271,00;2,11;2,12;2,11;;29,75;26,50;28,00;3,54;3,49;3,43;-83,75;6,50;10,46;84,28;84,39;NaN;-20,94;1,62;21,07;21,10;1,00;-0,99;-0,99;
2.1.2015 14:30;000,0;028,9;;;;;19016;1424816;5515;170807;52;163;0;0;0;0;0;0;0;;-22,75;-20,25;-21,00;1,25;0,75;3,00;14085,00;12486,00;13231,00;1,62;1,63;1,62;;22,75;20,25;21,25;nan;nan;1,25;-64,25;5,00;nan;64,61;64,69;NaN;-16,06;1,25;16,15;16,17;1,00;-0,99;-0,99;
2.1.2015 14:45;000,0;027,3;;;;;19016;1424823;5515;170807;52;163;0;0;0;0;0;0;0;;-27,75;-23,75;-26,00;0,75;1,00;4,25;14089,00;12493,00;13244,00;1,99;1,91;1,99;;27,75;23,75;26,25;nan;nan;nan;-77,75;6,25;nan;78,31;78,37;NaN;-19,44;1,56;19,58;19,59;1,00;-0,99;-0,99;
2.1.2015 15:00;000,0;020,0;;;;;19016;1424828;5515;170808;52;163;0;0;0;0;0;0;0;;-5,25;-3,75;-4,75;0,00;0,75;1,75;14120,00;12493,00;13180,00;0,38;0,33;0,40;;5,25;4,00;5,00;0,00;1,17;nan;-14,00;2,50;nan;14,66;14,68;NaN;-3,50;0,62;3,66;3,67;0,98;-0,96;-0,95;
2.1.2015 15:15;000,0;002,6;;;;;19016;1424829;5515;170808;52;163;0;0;0;0;0;0;0;;-0,50;0,00;0,00;0,00;0,50;1,25;14048,00;12488,00;13194,00;0,08;0,09;0,12;;1,00;1,00;1,50;0,87;0,87;0,83;-0,50;1,75;2,56;3,86;3,93;2,37;-0,12;0,44;0,97;0,98;-0,94;-0,13;-0,13;
2.1.2015 15:30;000,0;000,5;;;;;19016;1424829;5515;170808;52;163;0;0;0;0;0;0;0;;-0,50;-0,75;0,00;1,00;0,50;0,50;14071,00;12514,00;13205,00;0,11;0,11;0,09;;1,50;1,25;1,00;1,00;0,87;0,87;-1,25;2,25;2,73;4,08;4,10;1,65;-0,31;0,56;1,02;1,02;-0,23;-0,31;-0,30;
2.1.2015 15:45;000,5;000,0;;;;;19016;1424829;5516;170808;52;163;0;0;0;0;0;0;0;;0,00;0,75;1,50;8,75;7,50;9,00;14049,00;12534,00;13176,00;0,63;0,62;0,71;;8,75;7,75;9,25;0,00;1,80;1,52;2,50;25,50;3,32;26,01;26,09;3,62;0,62;6,38;6,50;6,52;-0,71;0,10;0,10;
2.1.2015 16:00;001,2;000,0;;;;;19017;1424829;5517;170808;52;163;0;0;0;0;0;0;0;;0,75;1,50;0,75;0,00;0,00;0,00;14019,00;12573,00;13151,00;0,07;0,13;0,07;;0,75;1,50;1,00;0,00;0,00;0,66;3,25;0,00;0,66;3,57;3,76;1,77;0,81;0,00;0,89;0,94;1,00;0,91;0,86;
2.1.2015 16:15;001,2;000,0;;;;;19017;1424829;5517;170808;52;163;0;0;0;0;0;0;0;;0,25;0,25;0,25;0,00;0,00;0,00;14010,00;12583,00;13098,00;0,03;0,02;0,04;;0,25;0,25;0,50;0,00;0,00;0,43;1,00;0,00;0,43;1,26;1,29;0,69;0,25;0,00;0,32;0,32;1,00;0,79;0,78;
2.1.2015 16:30;001,2;000,0;;;;;19017;1424829;5517;170808;52;163;0;0;0;0;0;0;0;;0,25;0,25;0,25;0,00;0,00;0,00;14013,00;12583,00;13103,00;0,03;0,02;0,04;;0,25;0,25;0,50;0,00;0,00;0,43;1,00;0,00;0,43;1,26;1,29;0,69;0,25;0,00;0,32;0,32;1,00;0,79;0,78;
2.1.2015 16:45;001,2;000,0;;;;;19017;1424829;5517;170808;52;163;0;0;0;0;0;0;0;;0,75;1,50;0,75;0,00;0,00;0,00;13970,00;12600,00;13117,00;0,07;0,12;0,07;;0,75;1,50;0,75;0,00;0,00;0,00;3,25;0,00;0,00;3,54;3,71;1,79;0,81;0,00;0,88;0,93;1,00;0,92;0,88;
2.1.2015 17:00;001,0;000,0;;;;;19018;1424829;5517;170808;52;163;0;0;0;0;0;0;0;;0,25;0,25;0,25;0,00;0,00;0,00;13992,00;12613,00;13104,00;0,03;0,02;0,04;;0,25;0,25;0,50;0,00;0,00;0,43;1,00;0,00;0,43;1,26;1,29;0,69;0,25;0,00;0,32;0,32;1,00;0,79;0,77;
2.1.2015 17:15;001,1;000,0;;;;;19018;1424829;5517;170808;52;163;0;0;0;0;0;0;0;;0,25;0,25;0,25;0,00;0,00;0,00;13976,00;12637,00;13118,00;0,03;0,02;0,04;;0,25;0,25;0,50;0,00;0,00;0,43;1,00;0,00;0,43;1,26;1,29;0,69;0,25;0,00;0,32;0,32;1,00;0,79;0,77;
2.1.2015 17:30;000,9;000,0;;;;;19018;1424829;5517;170808;52;163;0;0;0;0;0;0;0;;1,00;1,50;0,75;0,00;0,00;0,00;13955,00;12696,00;13071,00;0,09;0,14;0,08;;1,25;1,50;1,00;0,75;0,00;0,66;3,75;0,00;1,41;4,02;4,16;1,10;0,94;0,00;1,00;1,04;1,00;0,93;0,90;
2.1.2015 17:45;001,1;000,0;;;;;19018;1424829;5517;170808;52;163;0;0;0;0;0;0;0;;1,00;1,50;0,75;0,00;0,00;0,00;13989,00;12674,00;13091,00;0,09;0,14;0,08;;1,25;1,50;1,00;0,75;0,00;0,66;3,75;0,00;1,41;4,02;4,16;1,12;0,94;0,00;1,00;1,04;1,00;0,93;0,90;
2.1.2015 18:00;001,1;000,0;;;;;19019;1424829;5517;170808;52;163;0;0;0;0;0;0;0;;0,25;0,25;0,25;0,00;0,00;0,00;14002,00;12661,00;13111,00;0,03;0,02;0,04;;0,25;0,25;0,50;0,00;0,00;0,43;1,00;0,00;0,43;1,26;1,29;0,70;0,25;0,00;0,32;0,32;1,00;0,79;0,77;
2.1.2015 18:15;001,1;000,0;;;;;19019;1424829;5517;170808;52;163;0;0;0;0;0;0;0;;0,75;1,50;0,75;0,00;0,00;0,00;14026,00;12662,00;13172,00;0,07;0,13;0,07;;0,75;1,50;1,00;0,00;0,00;0,66;3,25;0,00;0,66;3,58;3,77;1,79;0,81;0,00;0,90;0,94;1,00;0,91;0,86;
2.1.2015 18:30;000,8;000,0;;;;;19019;1424829;5517;170808;52;163;0;0;0;0;0;0;0;;1,00;1,50;0,75;0,00;0,00;0,00;14047,00;12642,00;13163,00;0,09;0,14;0,08;;1,25;1,50;1,00;0,75;0,00;0,66;3,75;0,00;1,41;4,03;4,17;1,16;0,94;0,00;1,01;1,04;1,00;0,93;0,90;
2.1.2015 18:45;001,0;000,0;;;;;19019;1424829;5517;170808;52;163;0;0;0;0;0;0;0;;0,75;0,25;0,50;0,00;0,00;0,00;14113,00;12664,00;13191,00;0,06;0,03;0,05;;0,75;0,25;0,50;0,00;0,00;0,00;1,75;0,00;0,00;1,89;1,93;0,82;0,44;0,00;0,47;0,48;1,00;0,93;0,91;
2.1.2015 19:00;000,8;000,0;;;;;19020;1424829;5517;170808;52;163;0;0;0;0;0;0;0;;0,75;1,50;0,75;0,00;0,00;0,00;14099,00;12654,00;13169,00;0,07;0,13;0,08;;1,00;1,50;1,00;0,66;0,00;0,66;3,25;0,00;1,32;3,62;3,80;1,47;0,81;0,00;0,91;0,95;1,00;0,90;0,85;
2.1.2015 19:15;000,8;000,0;;;;;19020;1424829;5517;170808;52;163;0;0;0;0;0;0;0;;0,25;0,25;0,50;0,00;0,00;0,00;14112,00;12659,00;13178,00;0,04;0,02;0,04;;0,25;0,25;0,50;0,00;0,00;0,00;1,00;0,00;0,00;1,31;1,33;0,88;0,25;0,00;0,33;0,33;1,00;0,77;0,75;
2.1.2015 19:30;000,8;000,0;;;;;19020;1424829;5517;170808;52;163;0;0;0;0;0;0;0;;0,75;0,25;0,50;0,00;0,00;0,00;14114,00;12674,00;13193,00;0,06;0,03;0,05;;0,75;0,25;0,50;0,00;0,00;0,00;1,75;0,00;0,00;1,89;1,93;0,82;0,44;0,00;0,47;0,48;1,00;0,93;0,91;
2.1.2015 19:45;001,0;000,0;;;;;19020;1424829;5517;170808;52;163;0;0;0;0;0;0;0;;0,25;0,25;0,50;0,00;0,00;0,00;14126,00;12677,00;13188,00;0,04;0,02;0,04;;0,25;0,25;0,50;0,00;0,00;0,00;1,00;0,00;0,00;1,31;1,33;0,88;0,25;0,00;0,33;0,33;1,00;0,77;0,75;
2.1.2015 20:00;000,8;000,0;;;;;19020;1424829;5517;170808;52;163;0;0;0;0;0;0;0;;0,75;0,25;0,50;0,00;0,00;0,00;14104,00;12670,00;13174,00;0,06;0,03;0,05;;0,75;0,25;0,50;0,00;0,00;0,00;1,75;0,00;0,00;1,89;1,93;0,82;0,44;0,00;0,47;0,48;1,00;0,93;0,91;
2.1.2015 20:15;000,9;000,0;;;;;19021;1424829;5517;170808;52;163;0;0;0;0;0;0;0;;0,25;0,25;0,50;0,00;0,00;0,00;14119,00;12657,00;13162,00;0,04;0,02;0,04;;0,25;0,25;0,50;0,00;0,00;0,00;1,00;0,00;0,00;1,31;1,33;0,88;0,25;0,00;0,33;0,33;1,00;0,77;0,75;
2.1.2015 20:30;001,1;000,0;;;;;19021;1424829;5517;170808;52;163;0;0;0;0;0;0;0;;1,00;0,50;1,25;0,00;0,00;0,00;14156,00;12660,00;13172,00;0,09;0,05;0,11;;1,00;0,50;1,25;0,00;0,00;0,00;3,00;0,00;0,00;3,29;3,44;1,68;0,75;0,00;0,82;0,86;1,00;0,91;0,87;
2.1.2015 20:45;001,1;000,0;;;;;19021;1424829;5517;170808;52;163;0;0;0;0;0;0;0;;0,25;0,25;0,50;0,00;0,00;0,00;14151,00;12680,00;13198,00;0,04;0,02;0,04;;0,50;0,25;0,50;0,43;0,00;0,00;1,00;0,00;0,43;1,31;1,34;0,77;0,25;0,00;0,33;0,33;1,00;0,76;0,75;
2.1.2015 21:00;000,8;000,0;;;;;19021;1424829;5517;170808;52;163;0;0;0;0;0;0;0;;0,25;0,25;0,50;0,00;0,00;0,00;14163,00;12702,00;13193,00;0,04;0,02;0,04;;0,50;0,25;0,50;0,43;0,00;0,00;1,00;0,00;0,43;1,31;1,34;0,77;0,25;0,00;0,33;0,33;1,00;0,76;0,75;
2.1.2015 21:15;001,0;000,0;;;;;19022;1424829;5517;170808;52;163;0;0;0;0;0;0;0;;1,00;1,50;0,75;0,00;0,00;0,00;14132,00;12695,00;13268,00;0,09;0,14;0,08;;1,25;1,50;1,00;0,75;0,00;0,66;3,75;0,00;1,41;4,05;4,20;1,24;0,94;0,00;1,01;1,05;1,00;0,93;0,89;
2.1.2015 21:30;001,0;000,0;;;;;19022;1424829;5517;170808;52;163;0;0;0;0;0;0;0;;0,25;0,25;0,50;0,00;0,00;0,00;14137,00;12672,00;13173,00;0,04;0,02;0,04;;0,25;0,25;0,50;0,00;0,00;0,00;1,00;0,00;0,00;1,31;1,33;0,88;0,25;0,00;0,33;0,33;1,00;0,77;0,75;
2.1.2015 21:45;000,9;000,0;;;;;19022;1424829;5517;170808;52;163;0;0;0;0;0;0;0;;0,75;0,25;0,50;0,00;0,00;0,00;14163,00;12693,00;13222,00;0,06;0,03;0,05;;0,75;0,25;0,50;0,00;0,00;0,00;1,75;0,00;0,00;1,89;1,94;0,83;0,44;0,00;0,47;0,48;1,00;0,93;0,90;
2.1.2015 22:00;001,0;000,0;;;;;19022;1424829;5517;170808;52;163;0;0;0;0;0;0;0;;1,00;1,50;0,75;0,00;0,00;0,00;14131,00;12686,00;13237,00;0,09;0,14;0,08;;1,25;1,50;1,00;0,75;0,00;0,66;3,75;0,00;1,41;4,05;4,19;1,23;0,94;0,00;1,01;1,05;1,00;0,93;0,89;
2.1.2015 22:15;001,1;000,0;;;;;19023;1424829;5517;170808;52;163;0;0;0;0;0;0;0;;0,25;0,25;0,50;0,00;0,00;0,00;14146,00;12703,00;13259,00;0,04;0,02;0,04;;0,50;0,25;0,50;0,43;0,00;0,00;1,25;0,00;0,43;1,31;1,34;0,20;0,31;0,00;0,33;0,33;1,00;0,95;0,93;
2.1.2015 22:30;000,9;000,0;;;;;19023;1424829;5517;170808;52;163;0;0;0;0;0;0;0;;1,00;1,50;0,75;0,00;0,00;0,00;14220,00;12696,00;13256,00;0,09;0,14;0,08;;1,25;1,50;1,00;0,75;0,00;0,66;3,75;0,00;1,41;4,06;4,20;1,27;0,94;0,00;1,01;1,05;1,00;0,92;0,89;
2.1.2015 22:45;001,0;000,0;;;;;19023;1424829;5517;170808;52;163;0;0;0;0;0;0;0;;0,25;0,25;0,50;0,00;0,00;0,00;14184,00;12680,00;13237,00;0,04;0,02;0,04;;0,50;0,25;0,50;0,43;0,00;0,00;1,25;0,00;0,43;1,31;1,34;0,20;0,31;0,00;0,33;0,33;1,00;0,95;0,93;
2.1.2015 23:00;000,9;000,0;;;;;19023;1424829;5517;170808;52;163;0;0;0;0;0;0;0;;0,25;0,25;0,50;0,00;0,00;0,00;14221,00;12711,00;13244,00;0,04;0,02;0,04;;0,50;0,25;0,50;0,43;0,00;0,00;1,00;0,00;0,43;1,31;1,34;0,78;0,25;0,00;0,33;0,34;1,00;0,76;0,75;
2.1.2015 23:15;000,9;000,0;;;;;19024;1424829;5517;170808;52;163;0;0;0;0;0;0;0;;0,25;0,25;0,50;0,00;0,00;0,00;14161,00;12708,00;13269,00;0,04;0,02;0,04;;0,50;0,25;0,50;0,43;0,00;0,00;1,25;0,00;0,43;1,31;1,34;0,21;0,31;0,00;0,33;0,33;1,00;0,95;0,93;
2.1.2015 23:30;001,0;000,0;;;;;19024;1424829;5517;170808;52;163;0;0;0;0;0;0;0;;0,75;1,50;0,75;0,00;0,00;0,00;14224,00;12755,00;13279,00;0,07;0,13;0,08;;1,00;1,50;1,00;0,66;0,00;0,66;3,25;0,00;1,32;3,65;3,83;1,55;0,81;0,00;0,91;0,96;1,00;0,89;0,85;
2.1.2015 23:45;001,3;000,0;;;;;19024;1424829;5517;170808;52;163;0;0;0;0;0;0;0;;0,75;1,50;0,75;0,00;0,00;0,00;14279,00;12766,00;13289,00;0,07;0,13;0,08;;1,00;1,50;1,00;0,66;0,00;0,66;3,25;0,00;1,32;3,69;3,87;1,63;0,81;0,00;0,92;0,97;1,00;0,88;0,84;
3.1.2015 00:00;001,1;000,0;;;;;19024;1424829;5517;170808;52;163;0;0;0;0;0;0;0;;0,25;0,25;0,50;0,00;0,00;0,00;14304,00;12727,00;13302,00;0,04;0,02;0,04;;0,50;0,25;0,50;0,43;0,00;0,00;1,25;0,00;0,43;1,32;1,35;0,25;0,31;0,00;0,33;0,34;1,00;0,95;0,93;
3.1.2015 00:15;001,1;000,0;;;;;19025;1424829;5517;170808;52;163;0;0;0;0;0;0;0;;0,75;0,25;0,50;0,00;0,00;0,00;14306,00;12724,00;13384,00;0,06;0,03;0,05;;0,75;0,25;0,50;0,00;0,00;0,00;1,75;0,00;0,00;1,98;2,02;1,00;0,44;0,00;0,49;0,50;1,00;0,89;0,87;
3.1.2015 00:30;001,0;000,0;;;;;19025;1424829;5517;170808;52;163;0;0;0;0;0;0;0;;0,25;0,25;0,50;0,00;0,00;0,00;14388,00;12701,00;13323,00;0,04;0,02;0,04;;0,50;0,25;0,50;0,43;0,00;0,00;1,25;0,00;0,43;1,32;1,35;0,26;0,31;0,00;0,33;0,34;1,00;0,95;0,93;
3.1.2015 00:45;001,0;000,0;;;;;19025;1424829;5517;170808;52;163;0;0;0;0;0;0;0;;0,75;0,25;0,50;0,00;0,00;0,00;14384,00;12688,00;13340,00;0,06;0,03;0,05;;0,75;0,25;0,50;0,00;0,00;0,00;1,75;0,00;0,00;1,94;1,98;0,92;0,44;0,00;0,49;0,49;1,00;0,90;0,89;
3.1.2015 01:00;000,9;000,0;;;;;19025;1424829;5517;170808;52;163;0;0;0;0;0;0;0;;0,75;1,50;0,75;0,00;0,00;0,00;14315,00;12668,00;13400,00;0,07;0,13;0,08;;1,00;1,50;1,00;0,66;0,00;0,66;3,25;0,00;1,32;3,69;3,88;1,64;0,81;0,00;0,92;0,97;1,00;0,88;0,84;
3.1.2015 01:15;001,1;000,0;;;;;19026;1424829;5517;170808;52;163;0;0;0;0;0;0;0;;0,75;0,25;0,50;0,00;0,00;0,00;14334,00;12656,00;13386,00;0,06;0,03;0,05;;0,75;0,25;0,50;0,00;0,00;0,00;1,75;0,00;0,00;1,94;1,97;0,91;0,44;0,00;0,49;0,49;1,00;0,90;0,89;
3.1.2015 01:30;001,2;000,0;;;;;19026;1424829;5517;170808;52;163;0;0;0;0;0;0;0;;1,25;1,50;1,00;0,00;0,00;0,00;14319,00;12685,00;13426,00;0,09;0,14;0,08;;1,25;1,50;1,00;0,00;0,00;0,00;3,75;0,00;0,00;4,11;4,26;2,02;0,94;0,00;1,03;1,06;1,00;0,91;0,88;
3.1.2015 01:45;001,1;000,0;;;;;19026;1424829;5517;170808;52;163;0;0;0;0;0;0;0;;0,75;1,50;0,75;0,00;0,00;0,00;14313,00;12684,00;13413,00;0,07;0,13;0,08;;1,00;1,50;1,00;0,66;0,00;0,66;3,25;0,00;1,32;3,72;3,92;1,75;0,81;0,00;0,93;0,98;1,00;0,87;0,83;
3.1.2015 02:00;000,9;000,0;;;;;19027;1424829;5517;170808;52;163;0;0;0;0;0;0;0;;0,75;0,25;0,50;0,00;0,00;0,00;14319,00;12685,00;13393,00;0,06;0,03;0,05;;0,75;0,25;0,50;0,00;0,00;0,00;1,75;0,00;0,00;1,94;1,98;0,92;0,44;0,00;0,49;0,49;1,00;0,90;0,89;
3.1.2015 02:15;001,2;000,0;;;;;19027;1424829;5517;170808;52;163;0;0;0;0;0;0;0;;1,25;1,50;1,00;0,00;0,00;0,00;14334,00;12698,00;13389,00;0,09;0,14;0,08;;1,25;1,50;1,00;0,00;0,00;0,00;3,75;0,00;0,00;4,11;4,26;2,01;0,94;0,00;1,03;1,06;1,00;0,91;0,88;
3.1.2015 02:30;000,9;000,0;;;;;19027;1424829;5517;170808;52;163;0;0;0;0;0;0;0;;0,75;1,50;0,75;0,00;0,00;0,00;14275,00;12662,00;13392,00;0,07;0,13;0,08;;1,00;1,50;1,00;0,66;0,00;0,66;3,25;0,00;1,32;3,69;3,87;1,63;0,81;0,00;0,92;0,97;1,00;0,88;0,84;
3.1.2015 02:45;001,0;000,0;;;;;19027;1424829;5517;170808;52;163;0;0;0;0;0;0;0;;1,25;1,50;1,00;0,00;0,00;0,00;14325,00;12681,00;13397,00;0,09;0,14;0,08;;1,25;1,75;1,00;0,00;0,90;0,00;4,00;0,00;0,90;4,18;4,33;1,38;1,00;0,00;1,04;1,08;1,00;0,96;0,92;
3.1.2015 03:00;001,2;000,0;;;;;19028;1424829;5517;170808;52;163;0;0;0;0;0;0;0;;0,75;0,25;0,50;0,00;0,00;0,00;14318,00;12682,00;13354,00;0,06;0,03;0,05;;0,75;0,25;0,50;0,00;0,00;0,00;1,75;0,00;0,00;1,94;1,97;0,91;0,44;0,00;0,48;0,49;1,00;0,90;0,89;
3.1.2015 03:15;001,1;000,0;;;;;19028;1424829;5517;170808;52;163;0;0;0;0;0;0;0;;0,75;1,50;0,75;0,00;0,00;0,00;14271,00;12745,00;13374,00;0,07;0,13;0,08;;1,00;1,50;1,00;0,66;0,00;0,66;3,25;0,00;1,32;3,69;3,88;1,64;0,81;0,00;0,92;0,97;1,00;0,88;0,84;
3.1.2015 03:30;001,1;000,0;;;;;19028;1424829;5517;170808;52;163;0;0;0;0;0;0;0;;1,25;1,50;1,00;0,00;0,00;0,00;14291,00;12699,00;13372,00;0,09;0,14;0,08;;1,25;1,50;1,00;0,00;0,00;0,00;3,75;0,00;0,00;4,11;4,25;2,00;0,94;0,00;1,03;1,06;1,00;0,91;0,88;
3.1.2015 03:45;001,1;000,0;;;;;19028;1424829;5517;170808;52;163;0;0;0;0;0;0;0;;0,75;1,50;0,75;0,00;0,00;0,00;14281,00;12685,00;13364,00;0,07;0,13;0,08;;1,00;1,50;1,00;0,66;0,00;0,66;3,25;0,00;1,32;3,69;3,87;1,63;0,81;0,00;0,92;0,97;1,00;0,88;0,84;
3.1.2015 04:00;000,9;000,0;;;;;19029;1424829;5517;170808;52;163;0;0;0;0;0;0;0;;0,75;1,50;0,75;0,00;0,00;0,00;14285,00;12699,00;13387,00;0,07;0,13;0,08;;1,00;1,50;1,00;0,66;0,00;0,66;3,25;0,00;1,32;3,69;3,87;1,64;0,81;0,00;0,92;0,97;1,00;0,88;0,84;
3.1.2015 04:15;001,1;000,0;;;;;19029;1424829;5517;170808;52;163;0;0;0;0;0;0;0;;1,25;1,50;1,00;0,00;0,00;0,00;14308,00;12654,00;13389,00;0,09;0,14;0,08;;1,25;1,50;1,00;0,00;0,00;0,00;3,75;0,00;0,00;4,17;4,32;2,15;0,94;0,00;1,04;1,08;1,00;0,90;0,87;
3.1.2015 04:30;001,1;000,0;;;;;19029;1424829;5517;170808;52;163;0;0;0;0;0;0;0;;0,25;0,25;0,50;0,00;0,00;0,00;14305,00;12623,00;13412,00;0,04;0,02;0,04;;0,50;0,25;0,50;0,43;0,00;0,00;1,25;0,00;0,43;1,32;1,35;0,25;0,31;0,00;0,33;0,34;1,00;0,95;0,93;
3.1.2015 04:45;001,0;000,0;;;;;19029;1424829;5517;170808;52;163;0;0;0;0;0;0;0;;0,75;0,25;0,50;0,00;0,00;0,00;14319,00;12612,00;13417,00;0,06;0,03;0,05;;0,75;0,25;0,50;0,00;0,00;0,00;1,75;0,00;0,00;1,94;1,97;0,91;0,44;0,00;0,48;0,49;1,00;0,90;0,89;
3.1.2015 05:00;000,9;000,0;;;;;19030;1424829;5517;170808;52;163;0;0;0;0;0;0;0;;0,75;1,50;0,75;0,00;0,00;0,00;14315,00;12596,00;13399,00;0,07;0,13;0,08;;1,00;1,50;1,00;0,66;0,00;0,66;3,25;0,00;1,32;3,71;3,91;1,73;0,81;0,00;0,93;0,98;1,00;0,88;0,83;
3.1.2015 05:15;001,1;000,0;;;;;19030;1424829;5517;170808;52;163;0;0;0;0;0;0;0;;0,75;1,50;0,75;0,00;0,00;0,00;14252,00;12556,00;13387,00;0,07;0,13;0,08;;1,00;1,50;1,00;0,66;0,00;0,66;3,25;0,00;1,32;3,64;3,83;1,53;0,81;0,00;0,91;0,96;1,00;0,89;0,85;
3.1.2015 05:30;000,9;000,0;;;;;19030;1424829;5517;170808;52;163;0;0;0;0;0;0;0;;0,75;0,25;0,50;0,00;0,00;0,00;13408,00;13397,00;13440,00;0,06;0,03;0,05;;0,75;0,25;0,50;0,00;0,00;0,00;1,75;0,00;0,00;1,91;1,97;0,91;0,44;0,00;0,48;0,49;1,00;0,92;0,89;
3.1.2015 05:45;001,2;000,0;;;;;19030;1424829;5517;170808;52;163;0;0;0;0;0;0;0;;1,00;1,75;0,75;0,00;0,00;0,00;13393,00;13382,00;13439,00;0,09;0,14;0,08;;1,25;1,75;1,00;0,75;0,00;0,66;3,75;0,00;1,41;4,09;4,20;1,27;0,94;0,00;1,02;1,05;1,00;0,92;0,89;
3.1.2015 06:00;001,1;000,0;;;;;19031;1424829;5517;170808;52;163;0;0;0;0;0;0;0;;1,00;1,75;0,75;0,00;0,00;0,00;13425,00;13405,00;13454,00;0,09;0,14;0,08;;1,25;1,75;1,00;0,75;0,00;0,66;3,75;0,00;1,41;4,16;4,28;1,50;0,94;0,00;1,04;1,07;1,00;0,90;0,88;
3.1.2015 06:15;001,1;000,0;;;;;19031;1424829;5517;170808;52;163;0;0;0;0;0;0;0;;0,25;0,25;0,50;0,00;0,00;0,00;13427,00;13416,00;13459,00;0,04;0,02;0,04;;0,25;0,25;0,50;0,00;0,00;0,00;1,25;0,00;0,00;1,31;1,34;0,49;0,31;0,00;0,33;0,34;1,00;0,95;0,93;
3.1.2015 06:30;001,0;000,0;;;;;19031;1424829;5517;170808;52;163;0;0;0;0;0;0;0;;0,75;0,25;0,50;0,00;0,00;0,00;13439,00;13417,00;13459,00;0,06;0,03;0,05;;0,75;0,25;0,50;0,00;0,00;0,00;1,75;0,00;0,00;1,92;1,98;0,92;0,44;0,00;0,48;0,49;1,00;0,91;0,88;
3.1.2015 06:45;001,1;000,0;;;;;19032;1424829;5517;170808;52;163;0;0;0;0;0;0;0;;0,75;0,25;0,50;0,00;0,00;0,00;13419,00;13404,00;13445,00;0,06;0,03;0,05;;0,75;0,25;0,50;0,00;0,00;0,00;1,75;0,00;0,00;1,88;1,93;0,82;0,44;0,00;0,47;0,48;1,00;0,93;0,91;
3.1.2015 07:00;001,2;000,0;;;;;19032;1424829;5517;170808;52;163;0;0;0;0;0;0;0;;1,00;1,75;0,75;0,00;0,00;0,00;13415,00;13402,00;13443,00;0,09;0,14;0,08;;1,25;1,75;1,00;0,75;0,00;0,66;3,75;0,00;1,41;4,09;4,21;1,29;0,94;0,00;1,02;1,05;1,00;0,92;0,89;
3.1.2015 07:15;001,1;000,0;;;;;19032;1424829;5517;170808;52;163;0;0;0;0;0;0;0;;1,00;1,75;0,75;0,00;0,00;0,00;13457,00;13438,00;13476,00;0,09;0,14;0,08;;1,25;1,75;1,00;0,75;0,00;0,66;3,75;0,00;1,41;4,17;4,29;1,53;0,94;0,00;1,04;1,07;1,00;0,90;0,87;
3.1.2015 07:30;001,1;000,0;;;;;19032;1424829;5517;170808;52;163;0;0;0;0;0;0;0;;0,25;0,25;0,50;0,00;0,00;0,00;13475,00;13454,00;13495,00;0,04;0,02;0,04;;0,50;0,25;0,50;0,43;0,00;0,00;1,25;0,00;0,43;1,38;1,41;0,48;0,31;0,00;0,35;0,35;1,00;0,90;0,89;
3.1.2015 07:45;000,5;000,2;;;;;19033;1424829;5519;170809;52;163;0;0;0;0;0;0;0;;-1,00;-1,00;-0,75;1,00;0,50;0,50;13467,00;13447,00;13484,00;0,12;0,12;0,10;;1,50;1,50;1,25;0,50;1,00;0,87;-3,00;2,25;2,37;4,71;4,72;1,63;-0,75;0,56;1,18;1,18;0,73;-0,64;-0,63;
3.1.2015 08:00;000,0;001,4;;;;;19033;1424829;5519;170809;52;163;0;0;0;0;0;0;0;;-2,25;-2,75;-2,25;1,00;0,75;0,50;13449,00;13426,00;13464,00;0,20;0,23;0,20;;2,50;3,00;2,50;0,43;0,94;0,97;-7,50;2,50;2,34;8,37;8,39;1,56;-1,88;0,62;2,09;2,10;0,94;-0,90;-0,89;
3.1.2015 08:15;000,0;003,3;;;;;19033;1424830;5519;170809;52;163;0;0;0;0;0;0;0;;-3,25;-2,50;-3,25;0,00;0,75;1,25;13424,00;13404,00;13442,00;0,26;0,22;0,29;;3,50;2,75;3,75;1,30;0,87;1,39;-9,50;2,25;3,56;10,34;10,40;0,36;-2,38;0,56;2,58;2,60;0,97;-0,92;-0,91;
3.1.2015 08:30;000,0;004,4;;;;;19033;1424831;5519;170809;52;163;0;0;0;0;0;0;0;;-2,50;-3,00;-2,50;1,00;0,75;0,50;13415,00;13395,00;13433,00;0,21;0,24;0,21;;2,75;3,00;2,75;0,56;nan;1,03;-8,00;2,50;nan;8,82;8,84;NaN;-2,00;0,62;2,20;2,21;0,95;-0,91;-0,90;
3.1.2015 08:45;000,0;004,3;;;;;19033;1424832;5519;170810;52;163;0;0;0;0;0;0;0;;-10,25;-9,50;-10,25;0,50;1,00;1,50;13422,00;13411,00;13451,00;0,77;0,72;0,78;;10,25;9,50;10,50;nan;nan;1,71;-30,25;3,25;nan;30,55;30,57;NaN;-7,56;0,81;7,64;7,64;0,99;-0,99;-0,99;
3.1.2015 09:00;000,0;021,0;;;;;19033;1424838;5519;170810;52;163;0;0;0;0;0;0;0;;-26,50;-25,50;-26,75;1,50;2,00;2,50;13432,00;13407,00;13446,00;1,99;1,92;2,00;;26,50;25,75;26,75;nan;2,97;nan;-79,00;6,25;nan;79,43;79,44;NaN;-19,75;1,56;19,86;19,86;1,00;-0,99;-0,99;
3.1.2015 09:15;000,0;029,2;;;;;19033;1424845;5519;170811;52;163;0;0;0;0;0;0;0;;-42,25;-41,25;-42,50;3,00;3,75;4,00;13434,00;13399,00;13431,00;3,16;3,10;3,19;;42,25;41,50;42,75;nan;2,57;2,30;-126,25;11,00;nan;126,77;126,77;NaN;-31,56;2,75;31,69;31,69;1,00;-1,00;-1,00;
3.1.2015 09:30;000,0;032,5;;;;;19033;1424853;5519;170811;52;163;0;0;0;0;0;0;0;;-19,50;-19,75;-19,50;1,50;1,50;1,25;13416,00;13389,00;13428,00;1,47;1,48;1,47;;19,50;19,75;19,75;nan;nan;2,87;-59,00;4,50;nan;59,24;59,24;NaN;-14,75;1,12;14,81;14,81;1,00;-1,00;-1,00;
3.1.2015 09:45;000,0;023,5;;;;;19033;1424859;5519;170812;52;163;0;0;0;0;0;0;0;;-28,75;-29,00;-28,75;2,25;2,25;2,00;13411,00;13389,00;13426,00;2,15;2,17;2,16;;28,75;29,00;29,00;nan;nan;3,23;-86,75;6,75;nan;86,99;86,99;NaN;-21,69;1,69;21,75;21,75;1,00;-1,00;-1,00;
3.1.2015 10:00;000,0;045,1;;;;;19033;1424870;5519;170813;52;163;0;0;0;0;0;0;0;;-43,25;-43,25;-43,25;3,75;3,50;3,50;13410,00;13395,00;13437,00;3,25;3,25;3,24;;43,50;43,50;43,50;2,76;3,07;3,07;-130,00;11,00;8,91;130,65;130,65;NaN;-32,50;2,75;32,66;32,66;1,00;-1,00;-1,00;
3.1.2015 10:15;000,0;085,0;;;;;19033;1424892;5519;170815;52;163;0;0;0;0;0;0;0;;-65,25;-65,75;-66,50;5,25;6,00;5,00;13419,00;13396,00;13434,00;4,89;4,94;4,97;;65,50;66,00;66,75;2,26;nan;2,88;-197,75;16,25;nan;198,60;198,60;NaN;-49,44;4,06;49,65;49,65;1,00;-1,00;-1,00;
3.1.2015 10:30;000,0;092,1;;;;;19033;1424915;5519;170817;52;163;0;0;0;0;0;0;0;;-98,00;-98,00;-98,50;9,75;9,50;9,25;13456,00;13435,00;13472,00;7,33;7,34;7,35;;98,50;98,50;99,00;1,79;2,83;3,63;-294,75;28,75;8,25;296,40;296,40;8,97;-73,69;7,19;74,10;74,10;1,00;-0,99;-0,99;
3.1.2015 10:45;000,0;087,1;;;;;19033;1424936;5519;170819;52;163;0;0;0;0;0;0;0;;-51,25;-51,50;-51,50;4,25;4,00;3,75;13405,00;13384,00;13426,00;3,84;3,86;3,86;;51,25;51,50;51,75;nan;nan;3,43;-154,25;12,25;nan;154,96;154,96;NaN;-38,56;3,06;38,74;38,74;1,00;-1,00;-1,00;
3.1.2015 11:00;000,0;063,3;;;;;19033;1424952;5519;170820;52;163;0;0;0;0;0;0;0;;-39,00;-38,00;-39,25;2,75;3,25;3,75;13416,00;13386,00;13425,00;2,93;2,86;2,94;;39,25;38,25;39,50;3,46;2,92;2,37;-116,50;9,75;8,75;117,06;117,07;NaN;-29,12;2,44;29,27;29,27;1,00;-1,00;-1,00;
3.1.2015 11:15;000,0;055,2;;;;;19033;1424966;5519;170821;52;163;0;0;0;0;0;0;0;;-55,00;-55,25;-55,50;4,25;4,75;4,25;13408,00;13390,00;13418,00;4,12;4,14;4,16;;55,25;55,25;55,75;3,08;nan;3,12;-165,75;13,50;nan;166,53;166,53;NaN;-41,44;3,38;41,63;41,63;1,00;-1,00;-1,00;
3.1.2015 11:30;000,0;061,3;;;;;19033;1424981;5519;170823;52;163;0;0;0;0;0;0;0;;-68,75;-68,75;-69,25;5,75;6,00;5,50;13448,00;13422,00;13459,00;5,13;5,16;5,17;;69,00;69,00;69,50;1,17;nan;2,11;-207,00;17,25;nan;207,83;207,83;NaN;-51,75;4,31;51,96;51,96;1,00;-1,00;-1,00;
3.1.2015 11:45;000,0;124,8;;;;;19033;1425013;5519;170826;52;163;0;0;0;0;0;0;0;;-123,75;-123,75;-124,75;11,50;12,50;11,75;13473,00;13446,00;13474,00;9,24;9,25;9,31;;124,50;124,25;125,50;7,34;nan;7,04;-372,50;35,75;nan;374,41;374,41;NaN;-93,12;8,94;93,60;93,60;1,00;-0,99;-0,99;
3.1.2015 12:00;000,0;121,0;;;;;19033;1425043;5519;170829;52;163;0;0;0;0;0;0;0;;-104,00;-104,00;-105,00;9,00;9,75;9,00;13441,00;13417,00;13450,00;7,79;7,80;7,84;;104,50;104,50;105,25;4,82;3,03;nan;-313,25;28,00;nan;314,77;314,77;NaN;-78,31;7,00;78,69;78,69;1,00;-1,00;-1,00;
3.1.2015 12:15;000,0;045,6;;;;;19033;1425054;5519;170830;52;163;0;0;0;0;0;0;0;;-30,50;-30,75;-30,75;2,50;2,25;2,00;13422,00;13397,00;13438,00;2,29;2,31;2,30;;30,50;30,75;30,75;nan;nan;nan;-92,00;7,00;nan;92,46;92,46;NaN;-23,00;1,75;23,11;23,11;1,00;-1,00;-1,00;
3.1.2015 12:30;000,0;046,5;;;;;19033;1425066;5519;170831;52;163;0;0;0;0;0;0;0;;-36,75;-37,00;-37,00;3,00;3,00;2,75;13406,00;13382,00;13428,00;2,77;2,78;2,77;;37,00;37,25;37,25;3,07;3,09;3,32;-111,00;9,00;9,48;111,57;111,57;NaN;-27,75;2,25;27,89;27,89;1,00;-0,99;-0,99;
3.1.2015 12:45;000,0;064,9;;;;;19033;1425082;5519;170832;52;163;0;0;0;0;0;0;0;;-74,50;-75,00;-75,25;6,75;7,00;6,00;13431,00;13401,00;13454,00;5,58;5,63;5,63;;74,75;75,50;75,75;nan;5,12;6,28;-225,25;19,75;nan;226,24;226,24;NaN;-56,31;4,94;56,56;56,56;1,00;-1,00;-1,00;
3.1.2015 13:00;000,0;107,8;;;;;19033;1425109;5519;170835;52;163;0;0;0;0;0;0;0;;-98,00;-98,25;-98,75;9,75;10,00;9,00;13468,00;13440,00;13485,00;7,32;7,36;7,37;;98,50;98,75;99,25;1,79;nan;4,24;-295,25;29,00;nan;296,82;296,82;NaN;-73,81;7,25;74,21;74,21;1,00;-0,99;-0,99;
3.1.2015 13:15;000,0;097,7;;;;;19033;1425133;5519;170837;52;163;0;0;0;0;0;0;0;;-64,75;-65,25;-65,50;5,50;5,50;5,00;13440,00;13408,00;13456,00;4,84;4,89;4,89;;65,00;65,50;65,50;1,48;1,56;nan;-195,50;16,25;nan;196,35;196,35;NaN;-48,88;4,06;49,09;49,09;1,00;-1,00;-1,00;
3.1.2015 13:30;000,0;075,6;;;;;19033;1425152;5519;170838;52;163;0;0;0;0;0;0;0;;-39,50;-40,00;-40,00;3,25;3,50;3,00;13414,00;13388,00;13427,00;2,97;3,00;3,01;;39,75;40,00;40,25;3,04;nan;3,33;-119,75;10,00;nan;120,45;120,45;NaN;-29,94;2,50;30,11;30,11;1,00;-0,99;-0,99;
3.1.2015 13:45;000,0;042,2;;;;;19033;1425163;5519;170839;52;163;0;0;0;0;0;0;0;;-37,50;-37,75;-37,75;3,00;3,00;2,75;13422,00;13397,00;13441,00;2,82;2,83;2,82;;37,75;37,75;37,75;3,13;nan;nan;-113,25;9,00;nan;113,63;113,63;NaN;-28,31;2,25;28,41;28,41;1,00;-1,00;-1,00;
3.1.2015 14:00;000,0;055,2;;;;;19033;1425177;5519;170840;52;163;0;0;0;0;0;0;0;;-54,50;-54,75;-55,00;4,25;4,50;4,00;13455,00;13434,00;13469,00;4,07;4,10;4,11;;54,75;55,00;55,25;3,04;2,68;3,40;-164,50;13,25;9,12;165,13;165,13;NaN;-41,12;3,31;41,28;41,28;1,00;-1,00;-1,00;
3.1.2015 14:15;000,0;060,7;;;;;19033;1425192;5519;170842;52;163;0;0;0;0;0;0;0;;-50,00;-50,25;-50,50;4,00;4,25;3,50;13472,00;13443,00;13485,00;3,74;3,77;3,78;;50,25;50,50;50,75;3,01;2,67;3,61;-151,25;12,00;9,29;151,90;151,91;NaN;-37,81;3,00;37,98;37,98;1,00;-1,00;-1,00;
3.1.2015 14:30;000,0;055,2;;;;;19033;1425206;5519;170843;52;163;0;0;0;0;0;0;0;;-38,75;-39,00;-39,00;3,25;3,25;3,00;13472,00;13444,00;13489,00;2,90;2,92;2,92;;39,00;39,25;39,25;2,98;3,00;3,25;-117,25;10,00;9,23;117,78;117,78;NaN;-29,31;2,50;29,45;29,45;1,00;-1,00;-1,00;
3.1.2015 14:45;000,0;040,5;;;;;19033;1425216;5519;170844;52;163;0;0;0;0;0;0;0;;-30,75;-31,00;-31,00;2,50;2,25;2,25;13473,00;13446,00;13491,00;2,30;2,32;2,31;;30,75;31,00;31,00;nan;nan;nan;-92,75;7,25;nan;93,21;93,21;NaN;-23,19;1,81;23,30;23,30;1,00;-1,00;-1,00;
3.1.2015 15:00;000,0;025,7;;;;;19033;1425222;5519;170844;52;163;0;0;0;0;0;0;0;;-14,75;-15,00;-15,00;1,25;1,25;1,00;13459,00;13435,00;13473,00;1,12;1,13;1,12;;15,00;15,25;15,00;2,42;2,45;nan;-45,00;3,75;nan;45,31;45,31;NaN;-11,25;0,94;11,33;11,33;1,00;-0,99;-0,99;
3.1.2015 15:15;000,0;014,9;;;;;19033;1425226;5519;170844;52;163;0;0;0;0;0;0;0;;-10,25;-10,50;-10,25;1,25;1,00;0,75;13433,00;13416,00;13451,00;0,78;0,80;0,78;;10,25;10,50;10,25;nan;nan;nan;-31,25;3,25;nan;31,60;31,60;NaN;-7,81;0,81;7,90;7,90;0,99;-0,99;-0,99;
3.1.2015 15:30;000,0;009,3;;;;;19033;1425228;5519;170845;52;163;0;0;0;0;0;0;0;;-4,50;-3,75;-4,50;0,00;1,00;1,25;13412,00;13388,00;13427,00;0,35;0,30;0,37;;4,50;4,00;5,00;0,00;0,97;1,79;-13,00;2,50;2,75;13,68;13,72;2,35;-3,25;0,62;3,42;3,43;0,98;-0,95;-0,95;
3.1.2015 15:45;000,0;004,2;;;;;19033;1425229;5519;170845;52;163;0;0;0;0;0;0;0;;-1,50;-1,75;-1,25;1,00;0,50;0,50;13401,00;13383,00;13416,00;0,16;0,17;0,14;;2,00;2,25;1,75;0,87;1,32;1,12;-5,00;2,50;3,31;6,20;6,22;NaN;-1,25;0,62;1,55;1,56;0,88;-0,81;-0,80;
3.1.2015 16:00;000,3;000,5;;;;;19033;1425229;5519;170845;52;163;0;0;0;0;0;0;0;;0,75;1,50;0,75;0,00;0,00;0,50;13381,00;13356,00;13390,00;0,07;0,13;0,08;;0,75;1,50;1,00;0,00;0,00;0,43;3,25;0,50;0,43;3,68;3,82;1,89;0,81;0,12;0,92;0,95;0,99;0,88;0,85;
3.1.2015 16:15;000,9;000,0;;;;;19033;1425229;5519;170845;52;163;0;0;0;0;0;0;0;;0,75;1,50;0,75;0,00;0,00;0,00;13215,00;13184,00;13225,00;0,07;0,13;0,07;;0,75;1,50;1,00;0,00;0,00;0,66;3,25;0,00;0,66;3,60;3,74;1,74;0,81;0,00;0,90;0,94;1,00;0,90;0,87;
3.1.2015 16:30;000,9;000,0;;;;;19033;1425229;5519;170845;52;163;0;0;0;0;0;0;0;;0,75;1,50;0,75;0,00;0,00;0,00;13250,00;13217,00;13265,00;0,07;0,13;0,07;;0,75;1,50;1,00;0,00;0,00;0,66;3,25;0,00;0,66;3,61;3,75;1,76;0,81;0,00;0,90;0,94;1,00;0,90;0,87;
3.1.2015 16:45;001,1;000,0;;;;;19033;1425229;5519;170845;52;163;0;0;0;0;0;0;0;;0,75;1,50;0,75;0,00;0,00;0,00;13243,00;13218,00;13261,00;0,07;0,13;0,07;;0,75;1,50;1,00;0,00;0,00;0,66;3,25;0,00;0,66;3,61;3,75;1,76;0,81;0,00;0,90;0,94;1,00;0,90;0,87;
3.1.2015 17:00;000,8;000,0;;;;;19034;1425229;5519;170845;52;163;0;0;0;0;0;0;0;;0,25;0,25;0,50;0,00;0,00;0,00;13259,00;13232,00;13279,00;0,04;0,02;0,04;;0,25;0,25;0,50;0,00;0,00;0,00;1,00;0,00;0,00;1,29;1,33;0,87;0,25;0,00;0,32;0,33;1,00;0,77;0,75;
3.1.2015 17:15;000,9;000,0;;;;;19034;1425229;5519;170845;52;163;0;0;0;0;0;0;0;;0,25;0,25;0,25;0,00;0,00;0,00;13254,00;13226,00;13271,00;0,03;0,02;0,04;;0,25;0,25;0,50;0,00;0,00;0,43;1,00;0,00;0,43;1,23;1,25;0,61;0,25;0,00;0,31;0,31;1,00;0,82;0,80;
3.1.2015 17:30;001,0;000,0;;;;;19034;1425229;5519;170845;52;163;0;0;0;0;0;0;0;;0,25;0,25;0,50;0,00;0,00;0,00;13260,00;13223,00;13268,00;0,04;0,02;0,04;;0,25;0,25;0,50;0,00;0,00;0,00;1,00;0,00;0,00;1,29;1,32;0,87;0,25;0,00;0,32;0,33;1,00;0,77;0,75;
3.1.2015 17:45;000,6;000,0;;;;;19034;1425229;5520;170845;52;163;0;0;0;0;0;0;0;;0,75;1,50;0,75;0,00;0,00;0,50;13297,00;13265,00;13308,00;0,07;0,13;0,07;;0,75;1,50;1,00;0,00;0,00;0,43;3,25;0,50;0,43;3,62;3,77;1,79;0,81;0,12;0,91;0,94;0,99;0,90;0,86;
3.1.2015 18:00;000,7;000,0;;;;;19034;1425229;5520;170845;52;163;0;0;0;0;0;0;0;;0,25;0,25;0,50;0,00;0,00;0,00;13307,00;13285,00;13324,00;0,04;0,02;0,04;;0,25;0,25;0,50;0,00;0,00;0,00;1,00;0,00;0,00;1,30;1,33;0,88;0,25;0,00;0,32;0,33;1,00;0,77;0,75;
3.1.2015 18:15;000,6;000,0;;;;;19035;1425229;5520;170845;52;163;0;0;0;0;0;0;0;;0,25;0,25;0,50;0,00;0,00;0,00;13320,00;13292,00;13333,00;0,04;0,02;0,04;;0,25;0,25;0,50;0,00;0,00;0,00;1,00;0,00;0,00;1,30;1,33;0,88;0,25;0,00;0,32;0,33;1,00;0,77;0,75;
3.1.2015 18:30;001,2;000,0;;;;;19035;1425229;5520;170845;52;163;0;0;0;0;0;0;0;;0,75;1,50;0,75;0,00;0,00;0,50;13303,00;13284,00;13321,00;0,07;0,13;0,07;;0,75;1,50;1,00;0,00;0,00;0,43;3,25;0,50;0,43;3,62;3,77;1,79;0,81;0,12;0,91;0,94;0,99;0,90;0,86;
3.1.2015 18:45;001,1;000,0;;;;;19035;1425229;5520;170845;52;163;0;0;0;0;0;0;0;;0,75;1,50;0,75;0,00;0,00;0,50;13306,00;13283,00;13326,00;0,07;0,13;0,07;;0,75;1,50;1,00;0,00;0,00;0,43;3,25;0,50;0,43;3,62;3,77;1,80;0,81;0,12;0,91;0,94;0,99;0,90;0,86;
3.1.2015 19:00;001,0;000,0;;;;;19035;1425229;5520;170845;52;163;0;0;0;0;0;0;0;;0,25;0,25;0,50;0,00;0,00;0,00;13879,00;12524,00;13374,00;0,03;0,02;0,04;;0,25;0,25;0,50;0,00;0,00;0,00;1,00;0,00;0,00;1,27;1,29;0,82;0,25;0,00;0,32;0,32;1,00;0,79;0,77;
3.1.2015 19:15;001,1;000,0;;;;;19036;1425229;5520;170845;52;163;0;0;0;0;0;0;0;;0,25;0,25;0,50;0,00;0,00;0,00;13886,00;12553,00;13427,00;0,03;0,02;0,04;;0,25;0,25;0,50;0,00;0,00;0,00;1,00;0,00;0,00;1,27;1,30;0,82;0,25;0,00;0,32;0,32;1,00;0,79;0,77;
3.1.2015 19:30;001,1;000,0;;;;;19036;1425229;5520;170845;52;163;0;0;0;0;0;0;0;;0,75;1,50;0,75;0,00;0,00;0,00;13831,00;12546,00;13377,00;0,07;0,13;0,07;;0,75;1,50;1,00;0,00;0,00;0,66;3,25;0,00;0,66;3,57;3,76;1,77;0,81;0,00;0,89;0,94;1,00;0,91;0,86;
3.1.2015 19:45;001,2;000,0;;;;;19036;1425229;5520;170845;52;163;0;0;0;0;0;0;0;;0,75;1,50;0,75;0,00;0,00;0,00;13942,00;12601,00;13442,00;0,07;0,13;0,08;;0,75;1,50;1,00;0,00;0,00;0,66;3,25;0,00;0,66;3,62;3,81;1,87;0,81;0,00;0,91;0,95;1,00;0,90;0,85;
3.1.2015 20:00;001,1;000,0;;;;;19036;1425229;5520;170845;52;163;0;0;0;0;0;0;0;;0,75;1,50;0,75;0,00;0,00;0,00;13884,00;12583,00;13396,00;0,07;0,13;0,07;;0,75;1,50;1,00;0,00;0,00;0,66;3,25;0,00;0,66;3,58;3,77;1,79;0,81;0,00;0,90;0,94;1,00;0,91;0,86;
3.1.2015 20:15;000,7;000,0;;;;;19037;1425229;5520;170845;52;163;0;0;0;0;0;0;0;;0,75;1,50;0,75;0,00;0,00;0,00;13919,00;12604,00;13421,00;0,07;0,13;0,08;;0,75;1,50;1,00;0,00;0,00;0,66;3,25;0,00;0,66;3,62;3,80;1,86;0,81;0,00;0,91;0,95;1,00;0,90;0,85;
3.1.2015 20:30;000,9;000,0;;;;;19037;1425229;5520;170845;52;163;0;0;0;0;0;0;0;;0,75;0,25;0,50;0,00;0,00;0,00;13884,00;12599,00;13386,00;0,06;0,03;0,05;;0,75;0,25;0,50;0,00;0,00;0,00;1,75;0,00;0,00;1,85;1,89;0,72;0,44;0,00;0,46;0,47;1,00;0,95;0,92;
3.1.2015 20:45;000,9;000,0;;;;;19037;1425229;5520;170845;52;163;0;0;0;0;0;0;0;;0,75;0,25;0,50;0,00;0,00;0,00;13908,00;12626,00;13354,00;0,06;0,03;0,05;;0,75;0,25;0,50;0,00;0,00;0,00;1,75;0,00;0,00;1,85;1,89;0,73;0,44;0,00;0,46;0,47;1,00;0,95;0,92;
3.1.2015 21:00;000,9;000,0;;;;;19037;1425229;5520;170845;52;163;0;0;0;0;0;0;0;;0,75;1,50;0,75;0,00;0,00;0,00;13879,00;12697,00;13377,00;0,07;0,13;0,08;;0,75;1,50;1,00;0,00;0,00;0,66;3,25;0,00;0,66;3,63;3,80;1,86;0,81;0,00;0,91;0,95;1,00;0,90;0,85;
3.1.2015 21:15;000,8;000,0;;;;;19037;1425229;5520;170845;52;163;0;0;0;0;0;0;0;;0,75;0,25;0,50;0,00;0,00;0,00;13850,00;12686,00;13338,00;0,06;0,03;0,05;;0,75;0,25;0,50;0,00;0,00;0,00;1,75;0,00;0,00;1,85;1,89;0,72;0,44;0,00;0,46;0,47;1,00;0,95;0,92;
3.1.2015 21:30;000,8;000,0;;;;;19038;1425229;5520;170845;52;163;0;0;0;0;0;0;0;;0,75;1,50;0,75;0,00;0,00;0,00;13892,00;12691,00;13326,00;0,07;0,13;0,08;;0,75;1,50;1,00;0,00;0,00;0,66;3,25;0,00;0,66;3,62;3,80;1,85;0,81;0,00;0,91;0,95;1,00;0,90;0,86;
3.1.2015 21:45;001,0;000,0;;;;;19038;1425229;5520;170845;52;163;0;0;0;0;0;0;0;;0,75;1,50;0,75;0,00;0,00;0,00;13923,00;12708,00;13335,00;0,07;0,13;0,08;;0,75;1,50;1,00;0,00;0,00;0,66;3,25;0,00;0,66;3,63;3,81;1,87;0,81;0,00;0,91;0,95;1,00;0,90;0,85;
3.1.2015 22:00;001,1;000,0;;;;;19038;1425229;5520;170845;52;163;0;0;0;0;0;0;0;;0,75;0,25;0,50;0,00;0,00;0,00;13914,00;12722,00;13365,00;0,06;0,03;0,05;;0,75;0,25;0,50;0,00;0,00;0,00;1,75;0,00;0,00;1,85;1,90;0,74;0,44;0,00;0,46;0,47;1,00;0,95;0,92;
3.1.2015 22:15;000,8;000,0;;;;;19038;1425229;5520;170845;52;163;0;0;0;0;0;0;0;;0,25;0,25;0,50;0,00;0,00;0,00;13915,00;12723,00;13403,00;0,04;0,02;0,04;;0,25;0,25;0,50;0,00;0,00;0,00;1,00;0,00;0,00;1,31;1,34;0,88;0,25;0,00;0,33;0,33;1,00;0,76;0,75;
3.1.2015 22:30;001,1;000,0;;;;;19039;1425229;5520;170845;52;163;0;0;0;0;0;0;0;;1,00;1,50;0,75;0,00;0,00;0,00;13979,00;12747,00;13429,00;0,09;0,14;0,08;;1,25;1,50;1,00;0,75;0,00;0,66;3,75;0,00;1,41;4,05;4,20;1,26;0,94;0,00;1,01;1,05;1,00;0,92;0,89;
3.1.2015 22:45;000,8;000,0;;;;;19039;1425229;5520;170845;52;163;0;0;0;0;0;0;0;;0,75;1,50;0,75;0,00;0,00;0,00;14012,00;12741,00;13432,00;0,07;0,13;0,08;;0,75;1,50;1,00;0,00;0,00;0,66;3,25;0,00;0,66;3,68;3,87;2,00;0,81;0,00;0,92;0,97;1,00;0,88;0,84;
3.1.2015 23:00;001,3;000,0;;;;;19039;1425229;5520;170845;52;163;0;0;0;0;0;0;0;;0,75;1,50;0,75;0,00;0,00;0,00;13968,00;12718,00;13440,00;0,07;0,13;0,08;;0,75;1,50;1,00;0,00;0,00;0,66;3,25;0,00;0,66;3,64;3,82;1,90;0,81;0,00;0,91;0,96;1,00;0,89;0,85;
3.1.2015 23:15;001,2;000,0;;;;;19040;1425229;5520;170845;52;163;0;0;0;0;0;0;0;;1,00;1,50;1,00;0,00;0,00;0,00;14011,00;12746,00;13479,00;0,09;0,14;0,08;;1,25;1,75;1,00;0,75;0,90;0,00;3,75;0,00;1,65;4,13;4,28;1,23;0,94;0,00;1,03;1,07;1,00;0,91;0,88;
3.1.2015 23:30;001,0;000,0;;;;;19040;1425229;5520;170845;52;163;0;0;0;0;0;0;0;;0,75;1,50;0,75;0,00;0,00;0,00;14037,00;12731,00;13446,00;0,07;0,13;0,08;;0,75;1,50;1,00;0,00;0,00;0,66;3,25;0,00;0,66;3,65;3,83;1,91;0,81;0,00;0,91;0,96;1,00;0,89;0,85;
3.1.2015 23:45;000,9;000,0;;;;;19040;1425229;5520;170845;52;163;0;0;0;0;0;0;0;;1,00;1,50;1,00;0,00;0,00;0,00;14074,00;12750,00;13485,00;0,09;0,14;0,08;;1,25;1,50;1,00;0,75;0,00;0,00;3,75;0,00;0,75;4,10;4,24;1,84;0,94;0,00;1,03;1,06;1,00;0,91;0,88;
4.1.2015 00:00;001,0;000,0;;;;;19040;1425229;5520;170845;52;163;0;0;0;0;0;0;0;;0,75;1,50;0,75;0,00;0,00;0,50;14081,00;12760,00;13511,00;0,07;0,13;0,08;;0,75;1,50;1,00;0,00;0,00;0,43;3,25;0,50;0,43;3,73;3,92;2,08;0,81;0,12;0,93;0,98;0,99;0,87;0,83;
4.1.2015 00:15;000,9;000,0;;;;;19040;1425229;5520;170845;52;163;0;0;0;0;0;0;0;;1,00;1,50;1,00;0,00;0,00;0,00;14059,00;12748,00;13524,00;0,09;0,14;0,08;;1,25;1,75;1,00;0,75;0,90;0,00;3,75;0,00;1,65;4,14;4,29;1,26;0,94;0,00;1,03;1,07;1,00;0,91;0,87;
4.1.2015 00:30;001,2;000,0;;;;;19041;1425229;5520;170845;52;163;0;0;0;0;0;0;0;;1,00;1,50;1,00;0,00;0,00;0,00;14089,00;12756,00;13503,00;0,09;0,14;0,08;;1,25;1,75;1,00;0,75;0,90;0,00;3,75;0,00;1,65;4,11;4,25;1,12;0,94;0,00;1,03;1,06;1,00;0,91;0,88;
4.1.2015 00:45;000,8;000,0;;;;;19041;1425229;5520;170845;52;163;0;0;0;0;0;0;0;;0,25;0,25;0,50;0,00;0,00;0,00;14096,00;12751,00;13479,00;0,04;0,02;0,04;;0,50;0,25;0,50;0,43;0,00;0,00;1,25;0,00;0,43;1,32;1,34;0,24;0,31;0,00;0,33;0,34;1,00;0,95;0,93;
4.1.2015 01:00;001,0;000,0;;;;;19041;1425229;5520;170845;52;163;0;0;0;0;0;0;0;;0,75;0,25;0,50;0,00;0,00;0,00;14068,00;12771,00;13507,00;0,06;0,03;0,05;;0,75;0,25;0,50;0,00;0,00;0,00;1,75;0,00;0,00;1,93;1,97;0,91;0,44;0,00;0,48;0,49;1,00;0,90;0,89;
4.1.2015 01:15;000,9;000,0;;;;;19041;1425229;5520;170845;52;163;0;0;0;0;0;0;0;;0,25;0,25;0,50;0,00;0,00;0,00;14072,00;12799,00;13535,00;0,04;0,02;0,04;;0,50;0,25;0,50;0,43;0,00;0,00;1,25;0,00;0,43;1,32;1,35;0,26;0,31;0,00;0,33;0,34;1,00;0,95;0,93;
4.1.2015 01:30;001,1;000,0;;;;;19042;1425229;5520;170845;52;163;0;0;0;0;0;0;0;;0,75;0,25;0,50;0,00;0,00;0,00;14093,00;12768,00;13517,00;0,06;0,03;0,05;;0,75;0,25;0,50;0,00;0,00;0,00;1,75;0,00;0,00;1,94;1,97;0,91;0,44;0,00;0,48;0,49;1,00;0,90;0,89;
4.1.2015 01:45;001,4;000,0;;;;;19042;1425229;5520;170845;52;163;0;0;0;0;0;0;0;;1,00;0,50;1,50;0,50;0,00;0,00;14112,00;12787,00;13546,00;0,09;0,05;0,11;;1,00;0,50;1,50;nan;0,00;0,00;3,00;0,50;nan;3,37;3,51;NaN;0,75;0,12;0,84;0,88;0,99;0,89;0,85;
4.1.2015 02:00;001,3;000,0;;;;;19042;1425229;5520;170845;52;163;0;0;0;0;0;0;0;;1,25;1,75;1,75;0,00;0,00;0,00;14019,00;12748,00;13524,00;0,10;0,15;0,14;;1,25;1,75;1,75;0,00;0,00;0,00;5,25;0,00;0,00;5,31;5,41;1,32;1,31;0,00;1,33;1,35;1,00;0,99;0,97;
4.1.2015 02:15;001,1;000,0;;;;;19043;1425229;5520;170845;52;163;0;0;0;0;0;0;0;;0,75;0,25;0,50;0,00;0,00;0,00;14003,00;12737,00;13509,00;0,06;0,03;0,05;;0,75;0,25;0,50;0,00;0,00;0,00;1,75;0,00;0,00;1,93;1,97;0,90;0,44;0,00;0,48;0,49;1,00;0,91;0,89;
4.1.2015 02:30;001,1;000,0;;;;;19043;1425229;5520;170845;52;163;0;0;0;0;0;0;0;;0,75;0,25;0,50;0,00;0,00;0,00;14061,00;12760,00;13516,00;0,06;0,03;0,05;;0,75;0,25;0,50;0,00;0,00;0,00;1,75;0,00;0,00;1,93;1,97;0,91;0,44;0,00;0,48;0,49;1,00;0,90;0,89;
4.1.2015 02:45;001,0;000,0;;;;;19043;1425229;5520;170845;52;163;0;0;0;0;0;0;0;;0,75;1,50;0,75;0,00;0,00;0,00;14087,00;12780,00;13499,00;0,07;0,13;0,08;;0,75;1,50;1,00;0,00;0,00;0,66;3,25;0,00;0,66;3,66;3,84;1,94;0,81;0,00;0,92;0,96;1,00;0,89;0,85;
4.1.2015 03:00;001,1;000,0;;;;;19043;1425229;5520;170845;52;163;0;0;0;0;0;0;0;;1,00;1,50;1,00;0,00;0,00;0,00;14077,00;12767,00;13488,00;0,09;0,14;0,08;;1,25;1,50;1,00;0,75;0,00;0,00;3,75;0,00;0,75;4,10;4,25;1,84;0,94;0,00;1,03;1,06;1,00;0,91;0,88;
4.1.2015 03:15;001,1;000,0;;;;;19044;1425229;5520;170845;52;163;0;0;0;0;0;0;0;;0,75;0,25;0,50;0,00;0,00;0,00;14033,00;12760,00;13496,00;0,06;0,03;0,05;;0,75;0,25;0,50;0,00;0,00;0,00;1,75;0,00;0,00;1,93;1,97;0,90;0,44;0,00;0,48;0,49;1,00;0,91;0,89;
4.1.2015 03:30;001,2;000,0;;;;;19044;1425229;5520;170845;52;163;0;0;0;0;0;0;0;;0,75;0,25;0,50;0,00;0,00;0,00;14060,00;12765,00;13488,00;0,06;0,03;0,05;;0,75;0,25;0,50;0,00;0,00;0,00;1,75;0,00;0,00;1,93;1,97;0,91;0,44;0,00;0,48;0,49;1,00;0,91;0,89;
4.1.2015 03:45;001,1;000,0;;;;;19044;1425229;5520;170845;52;163;0;0;0;0;0;0;0;;1,00;1,50;0,75;0,00;0,00;0,00;14025,00;12743,00;13477,00;0,09;0,14;0,08;;1,25;1,50;1,00;0,75;0,00;0,66;3,75;0,00;1,41;4,06;4,21;1,29;0,94;0,00;1,02;1,05;1,00;0,92;0,89;
4.1.2015 04:00;001,1;000,0;;;;;19045;1425229;5520;170845;52;163;0;0;0;0;0;0;0;;1,00;1,50;1,00;0,00;0,00;0,00;14040,00;12740,00;13471,00;0,09;0,14;0,08;;1,25;1,75;1,00;0,75;0,90;0,00;3,75;0,00;1,65;4,16;4,31;1,33;0,94;0,00;1,04;1,08;1,00;0,90;0,87;
4.1.2015 04:15;001,2;000,0;;;;;19045;1425229;5520;170845;52;163;0;0;0;0;0;0;0;;0,75;0,25;0,50;0,00;0,00;0,00;14030,00;12752,00;13493,00;0,06;0,03;0,05;;0,75;0,25;0,50;0,00;0,00;0,00;1,75;0,00;0,00;1,90;1,95;0,85;0,44;0,00;0,47;0,49;1,00;0,92;0,90;
4.1.2015 04:30;001,2;000,0;;;;;19045;1425229;5520;170845;52;163;0;0;0;0;0;0;0;;0,75;0,25;0,50;0,00;0,00;0,00;14032,00;12756,00;13488,00;0,06;0,03;0,05;;0,75;0,25;0,50;0,00;0,00;0,00;1,75;0,00;0,00;1,93;1,97;0,90;0,44;0,00;0,48;0,49;1,00;0,91;0,89;
4.1.2015 04:45;001,3;000,0;;;;;19046;1425229;5520;170845;52;163;0;0;0;0;0;0;0;;1,00;1,50;0,75;0,00;0,00;0,00;14021,00;12761,00;13485,00;0,09;0,14;0,08;;1,25;1,50;1,00;0,75;0,00;0,66;3,75;0,00;1,41;4,10;4,24;1,38;0,94;0,00;1,02;1,06;1,00;0,91;0,88;
4.1.2015 05:00;001,1;000,0;;;;;19046;1425229;5520;170845;52;163;0;0;0;0;0;0;0;;0,75;0,25;0,50;0,00;0,00;0,00;14047,00;12769,00;13486,00;0,06;0,03;0,05;;0,75;0,25;0,50;0,00;0,00;0,00;1,75;0,00;0,00;1,93;1,97;0,90;0,44;0,00;0,48;0,49;1,00;0,91;0,89;
4.1.2015 05:15;001,2;000,0;;;;;19046;1425229;5520;170845;52;163;0;0;0;0;0;0;0;;1,00;1,50;1,00;0,00;0,00;0,00;14093,00;12804,00;13540,00;0,09;0,14;0,08;;1,25;1,75;1,00;0,75;0,90;0,00;4,00;0,00;1,65;4,15;4,30;NaN;1,00;0,00;1,04;1,07;1,00;0,96;0,93;
4.1.2015 05:30;001,5;000,0;;;;;19046;1425229;5520;170845;52;163;0;0;0;0;0;0;0;;0,75;1,50;0,75;0,00;0,00;0,50;14102,00;12805,00;13551,00;0,07;0,13;0,08;;0,75;1,50;1,00;0,00;0,00;0,43;3,25;0,50;0,43;3,74;3,93;2,10;0,81;0,12;0,93;0,98;0,99;0,87;0,83;
4.1.2015 05:45;001,3;000,0;;;;;19047;1425229;5520;170845;52;163;0;0;0;0;0;0;0;;0,75;1,50;0,75;0,00;0,00;0,50;14072,00;12793,00;13538,00;0,07;0,13;0,08;;0,75;1,50;1,00;0,00;0,00;0,43;3,25;0,50;0,43;3,73;3,92;2,09;0,81;0,12;0,93;0,98;0,99;0,87;0,83;
4.1.2015 06:00;001,5;000,0;;;;;19047;1425229;5520;170845;52;163;0;0;0;0;0;0;0;;1,00;1,50;1,00;0,00;0,00;0,00;14078,00;12787,00;13562,00;0,09;0,14;0,08;;1,25;1,75;1,00;0,75;0,90;0,00;3,75;0,00;1,65;4,11;4,25;1,15;0,94;0,00;1,03;1,06;1,00;0,91;0,88;
4.1.2015 06:15;001,4;000,0;;;;;19048;1425229;5520;170845;52;163;0;0;0;0;0;0;0;;0,75;2,00;1,00;-0,50;0,00;0,50;14047,00;12774,00;13546,00;0,08;0,16;0,09;;1,00;2,00;1,25;0,43;0,00;0,56;3,75;0,00;0,99;4,42;4,67;2,61;0,94;0,00;1,11;1,17;1,00;0,85;0,80;
4.1.2015 06:30;001,4;000,0;;;;;19048;1425229;5520;170845;52;163;0;0;0;0;0;0;0;;0,75;0,25;0,50;0,00;0,00;0,00;14034,00;12739,00;13522,00;0,06;0,03;0,05;;0,75;0,25;0,50;0,00;0,00;0,00;1,75;0,00;0,00;1,93;1,97;0,90;0,44;0,00;0,48;0,49;1,00;0,91;0,89;
4.1.2015 06:45;001,1;000,0;;;;;19048;1425229;5520;170845;52;163;0;0;0;0;0;0;0;;1,00;1,50;1,00;0,00;0,00;0,00;14020,00;12744,00;13525,00;0,09;0,14;0,08;;1,25;1,50;1,00;0,75;0,00;0,00;3,75;0,00;0,75;4,10;4,24;1,83;0,94;0,00;1,02;1,06;1,00;0,91;0,88;
4.1.2015 07:00;001,2;000,0;;;;;19048;1425229;5520;170845;52;163;0;0;0;0;0;0;0;;1,00;1,50;1,00;0,00;0,00;0,00;14054,00;12740,00;13525,00;0,09;0,14;0,08;;1,25;1,50;1,00;0,75;0,00;0,00;3,75;0,00;0,75;4,10;4,24;1,84;0,94;0,00;1,03;1,06;1,00;0,91;0,88;
4.1.2015 07:15;001,2;000,0;;;;;19049;1425229;5520;170845;52;163;0;0;0;0;0;0;0;;1,00;1,50;1,00;0,00;0,00;0,00;14051,00;12752,00;13525,00;0,09;0,14;0,08;;1,25;1,50;1,00;0,75;0,00;0,00;3,75;0,00;0,75;4,10;4,24;1,84;0,94;0,00;1,03;1,06;1,00;0,91;0,88;
4.1.2015 07:30;001,3;000,0;;;;;19049;1425229;5520;170845;52;163;0;0;0;0;0;0;0;;1,00;1,50;1,00;0,00;0,00;0,00;14033,00;12747,00;13510,00;0,09;0,14;0,08;;1,25;1,50;1,00;0,75;0,00;0,00;3,75;0,00;0,75;4,10;4,24;1,83;0,94;0,00;1,02;1,06;1,00;0,91;0,88;
4.1.2015 07:45;001,2;000,0;;;;;19049;1425229;5520;170845;52;163;0;0;0;0;0;0;0;;1,00;1,50;1,00;0,00;0,00;0,00;14065,00;12742,00;13521,00;0,09;0,14;0,08;;1,25;1,50;1,00;0,75;0,00;0,00;3,75;0,00;0,75;4,10;4,24;1,84;0,94;0,00;1,03;1,06;1,00;0,91;0,88;
4.1.2015 08:00;001,2;000,0;;;;;19050;1425229;5520;170845;52;163;0;0;0;0;0;0;0;;0,75;0,25;0,50;0,00;-0,50;-0,75;14056,00;12732,00;13523,00;0,14;0,15;0,12;;2,00;1,75;1,50;1,85;1,66;1,20;1,75;-1,25;4,71;5,61;5,63;2,21;0,44;-0,31;1,40;1,41;0,76;0,31;0,31;
4.1.2015 08:15;000,2;000,2;;;;;19050;1425229;5521;170846;52;163;0;0;0;0;0;0;0;;-0,50;0,00;-0,25;0,00;0,75;1,00;14017,00;12701,00;13474,00;0,08;0,09;0,12;;1,00;1,00;1,50;0,87;0,66;1,09;-1,00;2,00;2,62;3,88;3,94;1,92;-0,25;0,50;0,97;0,99;-0,42;-0,26;-0,25;
4.1.2015 08:30;000,0;004,2;;;;;19050;1425230;5521;170846;52;163;0;0;0;0;0;0;0;;-2,50;-1,50;-2,50;0,00;0,75;1,25;14005,00;12680,00;13496,00;0,19;0,16;0,22;;2,50;2,00;3,00;0,00;1,09;1,09;-6,75;2,25;2,18;7,72;7,77;2,22;-1,69;0,56;1,93;1,94;0,94;-0,87;-0,87;
4.1.2015 08:45;000,0;004,0;;;;;19050;1425231;5521;170846;52;163;0;0;0;0;0;0;0;;-3,00;-3,00;-2,75;1,00;0,75;0,75;13998,00;12681,00;13497,00;0,24;0,25;0,23;;3,25;3,25;3,00;0,75;1,00;0,94;-9,00;2,75;2,69;9,73;9,76;NaN;-2,25;0,69;2,43;2,44;0,95;-0,92;-0,92;
4.1.2015 09:00;000,0;014,0;;;;;19050;1425235;5521;170847;52;163;0;0;0;0;0;0;0;;-14,50;-13,50;-14,25;0,75;1,00;1,75;13951,00;12653,00;13482,00;1,06;1,09;1,07;;14,75;13,75;14,25;2,60;2,41;nan;-42,50;3,75;nan;42,97;43,03;NaN;-10,62;0,94;10,74;10,76;1,00;-0,99;-0,99;
4.1.2015 09:15;000,0;021,4;;;;;19050;1425240;5521;170847;52;163;0;0;0;0;0;0;0;;-20,00;-17,00;-19,00;0,00;1,00;3,00;13956,00;12621,00;13476,00;1,43;1,37;1,45;;20,00;17,25;19,50;0,00;2,75;3,20;-56,25;4,25;5,95;56,72;56,74;1,36;-14,06;1,06;14,18;14,18;1,00;-0,99;-0,99;
4.1.2015 09:30;000,0;016,3;;;;;19050;1425244;5521;170847;52;163;0;0;0;0;0;0;0;;-8,75;-8,00;-8,25;0,75;0,75;1,25;13958,00;12594,00;13473,00;0,63;0,65;0,63;;8,75;8,00;8,25;nan;nan;nan;-25,00;3,25;nan;25,54;25,57;NaN;-6,25;0,81;6,38;6,39;0,99;-0,98;-0,98;
4.1.2015 09:45;000,0;005,1;;;;;19050;1425245;5521;170848;52;163;0;0;0;0;0;0;0;;-3,50;-3,50;-3,25;1,00;0,75;0,75;13932,00;12588,00;13471,00;0,27;0,30;0,27;;3,75;3,50;3,50;0,90;nan;1,06;-10,50;2,75;nan;11,15;11,18;NaN;-2,62;0,69;2,79;2,80;0,97;-0,94;-0,94;
4.1.2015 10:00;000,0;002,3;;;;;19050;1425246;5521;170848;52;163;0;0;0;0;0;0;0;;-2,25;-1,25;-2,00;0,00;0,75;1,25;13931,00;12585,00;13463,00;0,17;0,14;0,20;;2,25;1,75;2,50;0,00;0,97;0,83;-5,50;2,25;1,80;6,75;6,80;2,78;-1,38;0,56;1,69;1,70;0,92;-0,81;-0,81;
4.1.2015 10:15;000,0;026,6;;;;;19050;1425253;5521;170849;52;163;0;0;0;0;0;0;0;;-47,50;-42,75;-45,25;2,50;2,50;6,50;13968,00;12621,00;13489,00;3,41;3,41;3,40;;47,50;43,00;45,75;nan;3,90;1,80;-135,75;11,75;nan;136,57;136,68;NaN;-33,94;2,94;34,14;34,17;1,00;-0,99;-0,99;
4.1.2015 10:30;000,0;041,0;;;;;19050;1425263;5521;170849;52;163;0;0;0;0;0;0;0;;-11,25;-10,25;-10,50;1,00;0,75;1,50;13916,00;12563,00;13478,00;0,81;0,83;0,81;;11,25;10,25;10,75;nan;nan;1,75;-32,25;3,25;nan;32,68;32,73;NaN;-8,06;0,81;8,17;8,18;0,99;-0,99;-0,99;
4.1.2015 10:45;000,0;032,2;;;;;19050;1425271;5521;170850;52;163;0;0;0;0;0;0;0;;-11,25;-9,25;-10,50;0,00;0,75;2,25;13891,00;12544,00;13429,00;0,81;0,75;0,81;;11,25;9,25;10,75;0,00;nan;0,50;-31,25;3,00;nan;31,64;31,65;NaN;-7,81;0,75;7,91;7,91;1,00;-0,99;-0,99;
4.1.2015 11:00;000,0;013,1;;;;;19050;1425274;5521;170850;52;163;0;0;0;0;0;0;0;;-11,50;-10,50;-10,75;0,75;0,75;1,50;13886,00;12545,00;13393,00;0,83;0,85;0,83;;11,50;10,50;11,00;nan;nan;1,79;-33,00;3,50;nan;33,34;33,38;NaN;-8,25;0,88;8,34;8,35;0,99;-0,99;-0,99;
4.1.2015 11:15;000,0;020,2;;;;;19050;1425279;5521;170851;52;163;0;0;0;0;0;0;0;;-23,50;-21,25;-22,50;1,00;1,00;3,00;13893,00;12519,00;13386,00;1,71;1,71;1,71;;23,50;21,25;22,75;nan;nan;1,52;-67,75;5,25;nan;68,08;68,15;NaN;-16,94;1,31;17,02;17,04;1,00;-1,00;-0,99;
4.1.2015 11:30;000,0;019,2;;;;;19050;1425284;5521;170851;52;163;0;0;0;0;0;0;0;;-11,50;-9,75;-11,25;0,00;0,75;2,00;13835,00;12508,00;13371,00;0,85;0,80;0,86;;11,50;9,75;11,50;0,00;nan;1,30;-32,75;3,00;nan;33,23;33,24;NaN;-8,19;0,75;8,31;8,31;1,00;-0,99;-0,99;
4.1.2015 11:45;000,0;006,9;;;;;19050;1425286;5521;170852;52;163;0;0;0;0;0;0;0;;-3,50;-3,25;-3,00;1,00;0,50;1,00;13864,00;12503,00;13388,00;0,27;0,27;0,25;;3,75;3,25;3,25;0,90;nan;0,75;-10,00;2,75;nan;10,53;10,55;NaN;-2,50;0,69;2,63;2,64;0,96;-0,95;-0,95;
4.1.2015 12:00;000,0;003,7;;;;;19050;1425287;5521;170852;52;163;0;0;0;0;0;0;0;;-2,00;-1,00;-1,50;0,00;0,50;1,25;13874,00;12549,00;13380,00;0,16;0,11;0,17;;2,00;1,25;2,25;0,00;0,56;1,12;-4,50;2,00;1,68;5,97;6,04;3,06;-1,12;0,50;1,49;1,51;0,90;-0,75;-0,75;
4.1.2015 12:15;000,0;002,2;;;;;19050;1425287;5521;170852;52;163;0;0;0;0;0;0;0;;0,00;-0,25;0,00;1,00;0,75;0,00;13874,00;12561,00;13368,00;0,11;0,11;0,08;;1,25;1,25;0,00;0,75;0,97;0,00;-0,25;1,75;1,72;3,98;4,01;3,17;-0,06;0,44;0,99;1,00;0,75;-0,06;-0,06;
4.1.2015 12:30;000,4;000,3;;;;;19050;1425287;5522;170853;52;163;0;0;0;0;0;0;0;;-0,50;-0,50;0,00;0,75;0,50;0,75;13876,00;12584,00;13328,00;0,10;0,09;0,09;;1,25;1,00;1,00;0,87;0,71;0,66;-1,00;2,25;2,23;3,59;3,59;1,35;-0,25;0,56;0,90;0,90;-0,63;-0,28;-0,28;
4.1.2015 12:45;000,0;002,6;;;;;19050;1425288;5522;170853;52;163;0;0;0;0;0;0;0;;-4,00;-2,75;-3,00;0,75;0,00;1,50;13855,00;12606,00;13340,00;0,30;0,24;0,27;;4,00;3,00;3,50;nan;1,20;1,00;-10,00;2,25;nan;10,85;10,86;NaN;-2,50;0,56;2,71;2,72;0,97;-0,92;-0,92;
4.1.2015 13:00;000,0;004,2;;;;;19050;1425289;5522;170853;52;163;0;0;0;0;0;0;0;;-3,00;-2,75;-2,50;1,00;0,50;0,75;13909,00;12583,00;13344,00;0,23;0,24;0,22;;3,25;3,00;2,75;0,75;1,09;0,87;-8,50;2,50;2,71;9,32;9,34;1,21;-2,12;0,62;2,33;2,34;0,96;-0,91;-0,91;
4.1.2015 13:15;000,0;002,2;;;;;19050;1425290;5522;170854;52;163;0;0;0;0;0;0;0;;-1,50;-0,50;-1,25;0,00;0,50;1,25;13889,00;12563,00;13342,00;0,13;0,10;0,15;;1,75;1,00;1,75;0,90;0,71;nan;-3,50;2,00;nan;5,00;5,05;NaN;-0,88;0,50;1,25;1,26;0,84;-0,70;-0,69;
4.1.2015 13:30;000,0;003,9;;;;;19050;1425291;5522;170854;52;163;0;0;0;0;0;0;0;;-2,25;-1,00;-2,00;0,00;0,75;1,50;13917,00;12580,00;13351,00;0,17;0,12;0,20;;2,25;1,50;2,50;0,00;0,83;0,00;-5,50;2,25;0,83;6,61;6,68;2,95;-1,38;0,56;1,65;1,67;0,92;-0,83;-0,82;
4.1.2015 13:45;000,0;002,0;;;;;19050;1425291;5522;170854;52;163;0;0;0;0;0;0;0;;-0,50;-0,50;-0,25;0,75;0,75;0,50;13787,00;12455,00;13233,00;0,10;0,11;0,09;;1,25;1,25;1,00;0,87;0,87;0,83;-1,75;2,25;2,56;3,91;3,93;0,88;-0,44;0,56;0,98;0,98;0,28;-0,45;-0,45;
4.1.2015 14:00;000,0;002,1;;;;;19050;1425292;5522;170854;52;163;0;0;0;0;0;0;0;;-3,00;-2,00;-2,75;0,00;0,75;1,50;13751,00;12374,00;13239,00;0,24;0,19;0,25;;3,25;2,25;3,25;1,25;0,71;0,87;-8,00;2,25;2,82;8,97;9,01;2,03;-2,00;0,56;2,24;2,25;0,96;-0,89;-0,89;
4.1.2015 14:15;000,0;004,5;;;;;19050;1425293;5522;170855;52;163;0;0;0;0;0;0;0;;-3,00;-2,75;-2,75;1,00;0,50;0,75;13666,00;12316,00;13227,00;0,24;0,25;0,23;;3,25;3,00;3,00;0,75;1,09;0,94;-8,75;2,50;2,78;9,53;9,56;0,92;-2,19;0,62;2,38;2,39;0,96;-0,92;-0,92;
4.1.2015 14:30;000,0;002,6;;;;;19050;1425293;5522;170855;52;163;0;0;0;0;0;0;0;;-2,75;-2,50;-2,25;1,00;0,50;0,75;13669,00;12308,00;13216,00;0,23;0,23;0,21;;3,00;2,75;2,50;0,66;1,03;0,79;-8,00;2,50;2,48;8,68;8,71;NaN;-2,00;0,62;2,17;2,18;0,95;-0,92;-0,92;
4.1.2015 14:45;000,0;002,6;;;;;19050;1425294;5522;170855;52;163;0;0;0;0;0;0;0;;-1,25;-1,50;-1,00;1,00;0,50;0,50;13695,00;12320,00;13211,00;0,14;0,16;0,13;;1,75;1,75;1,50;0,71;0,75;1,00;-4,00;2,25;2,46;5,64;5,68;2,27;-1,00;0,56;1,41;1,42;0,85;-0,71;-0,70;
4.1.2015 15:00;000,0;001,2;;;;;19050;1425294;5522;170855;52;163;0;0;0;0;0;0;0;;-0,75;-1,25;-0,75;1,00;0,75;0,50;13708,00;12384,00;13255,00;0,12;0,14;0,10;;1,50;1,50;1,25;0,83;0,35;0,87;-3,00;2,25;2,05;4,67;4,73;2,03;-0,75;0,56;1,17;1,18;0,73;-0,64;-0,63;
4.1.2015 15:15;000,3;000,2;;;;;19050;1425294;5522;170855;52;163;0;0;0;0;0;0;0;;0,00;0,50;0,00;0,00;0,75;1,00;13717,00;12360,00;13228,00;0,07;0,12;0,12;;0,00;1,25;1,50;0,00;0,87;1,12;0,50;1,75;1,98;4,00;4,10;3,10;0,12;0,44;1,00;1,03;-0,94;0,12;0,12;
4.1.2015 15:30;000,4;000,1;;;;;19050;1425294;5522;170855;52;163;0;0;0;0;0;0;0;;0,75;1,25;0,75;0,00;0,75;1,00;13686,00;12367,00;13238,00;0,09;0,15;0,13;;1,25;1,75;1,75;1,00;0,97;1,22;3,00;1,75;3,19;4,91;5,04;1,76;0,75;0,44;1,23;1,26;0,83;0,61;0,60;
4.1.2015 15:45;000,8;000,0;;;;;19050;1425294;5522;170855;52;163;0;0;0;0;0;0;0;;0,75;0,25;0,50;0,00;0,00;0,00;13699,00;12340,00;13231,00;0,06;0,03;0,05;;0,75;0,25;0,50;0,00;0,00;0,00;1,50;0,00;0,00;1,82;1,86;1,10;0,38;0,00;0,45;0,46;1,00;0,82;0,81;
4.1.2015 16:00;001,1;000,0;;;;;19050;1425294;5522;170855;52;163;0;0;0;0;0;0;0;;1,00;1,50;0,75;0,00;0,00;0,00;13681,00;12299,00;13191,00;0,09;0,13;0,07;;1,25;1,50;0,75;0,75;0,00;0,00;3,50;0,00;0,75;3,88;4,03;1,86;0,88;0,00;0,97;1,01;1,00;0,90;0,87;
4.1.2015 16:15;000,9;000,0;;;;;19051;1425294;5522;170855;52;163;0;0;0;0;0;0;0;;0,25;0,25;0,25;0,00;0,00;0,00;13635,00;12292,00;13165,00;0,03;0,02;0,04;;0,25;0,25;0,50;0,00;0,00;0,43;1,00;0,00;0,43;1,25;1,27;0,65;0,25;0,00;0,31;0,32;1,00;0,80;0,79;
4.1.2015 16:30;001,1;000,0;;;;;19051;1425294;5522;170855;52;163;0;0;0;0;0;0;0;;0,75;0,25;0,50;0,00;0,00;0,00;13594,00;12265,00;13152,00;0,06;0,03;0,05;;0,75;0,25;0,50;0,00;0,00;0,00;1,50;0,00;0,00;1,78;1,83;1,04;0,38;0,00;0,44;0,46;1,00;0,84;0,82;
4.1.2015 16:45;001,0;000,0;;;;;19051;1425294;5522;170855;52;163;0;0;0;0;0;0;0;;1,00;1,50;0,75;0,00;0,00;0,00;13588,00;12235,00;13125,00;0,09;0,13;0,07;;1,25;1,50;0,75;0,75;0,00;0,00;3,50;0,00;0,75;3,83;3,99;1,75;0,88;0,00;0,96;1,00;1,00;0,91;0,88;
4.1.2015 17:00;001,2;000,0;;;;;19052;1425294;5522;170855;52;163;0;0;0;0;0;0;0;;1,00;1,50;0,75;0,00;0,00;0,00;13580,00;12249,00;13122,00;0,09;0,13;0,07;;1,25;1,50;0,75;0,75;0,00;0,00;3,50;0,00;0,75;3,80;3,94;1,66;0,88;0,00;0,95;0,99;1,00;0,92;0,89;
4.1.2015 17:15;001,2;000,0;;;;;19052;1425294;5522;170855;52;163;0;0;0;0;0;0;0;;1,00;1,50;0,75;0,00;0,00;0,00;13611,00;12276,00;13121,00;0,09;0,13;0,07;;1,25;1,50;0,75;0,75;0,00;0,00;3,50;0,00;0,75;3,81;3,95;1,67;0,88;0,00;0,95;0,99;1,00;0,92;0,89;
4.1.2015 17:30;001,1;000,0;;;;;19052;1425294;5522;170855;52;163;0;0;0;0;0;0;0;;1,00;1,50;0,75;0,00;0,00;0,00;13578,00;12262,00;13113,00;0,09;0,13;0,07;;1,25;1,50;0,75;0,75;0,00;0,00;3,50;0,00;0,75;3,83;3,99;1,76;0,88;0,00;0,96;1,00;1,00;0,91;0,88;
4.1.2015 17:45;001,3;000,0;;;;;19052;1425294;5522;170855;52;163;0;0;0;0;0;0;0;;1,00;1,50;0,75;0,00;0,00;0,00;13572,00;12298,00;13139,00;0,09;0,13;0,07;;1,25;1,50;0,75;0,75;0,00;0,00;3,50;0,00;0,75;3,81;3,95;1,67;0,88;0,00;0,95;0,99;1,00;0,92;0,89;
4.1.2015 18:00;001,1;000,0;;;;;19053;1425294;5522;170855;52;163;0;0;0;0;0;0;0;;1,00;1,50;0,75;0,00;0,00;0,00;13655,00;12325,00;13168,00;0,09;0,13;0,07;;1,25;1,50;0,75;0,75;0,00;0,00;3,75;0,00;0,75;3,85;4,01;1,20;0,94;0,00;0,96;1,00;1,00;0,97;0,94;
4.1.2015 18:15;001,3;000,0;;;;;19053;1425294;5522;170855;52;163;0;0;0;0;0;0;0;;0,75;0,25;0,50;0,00;0,00;0,00;13616,00;12307,00;13149,00;0,06;0,03;0,05;;0,75;0,25;0,50;0,00;0,00;0,00;1,50;0,00;0,00;1,75;1,79;0,99;0,38;0,00;0,44;0,45;1,00;0,86;0,84;
4.1.2015 18:30;001,1;000,0;;;;;19053;1425294;5522;170855;52;163;0;0;0;0;0;0;0;;1,00;1,50;0,75;0,00;0,00;0,00;13625,00;12304,00;13145,00;0,09;0,13;0,07;;1,25;1,50;0,75;0,75;0,00;0,00;3,50;0,00;0,75;3,84;4,00;1,78;0,88;0,00;0,96;1,00;1,00;0,91;0,88;
4.1.2015 18:45;001,2;000,0;;;;;19054;1425294;5522;170855;52;163;0;0;0;0;0;0;0;;0,75;0,25;0,50;0,00;0,00;0,00;13615,00;12309,00;13169,00;0,06;0,03;0,05;;0,75;0,25;0,50;0,00;0,00;0,00;1,50;0,00;0,00;1,75;1,80;0,99;0,38;0,00;0,44;0,45;1,00;0,86;0,84;
4.1.2015 19:00;001,3;000,0;;;;;19054;1425294;5522;170855;52;163;0;0;0;0;0;0;0;;1,00;1,50;0,75;0,00;0,00;0,00;13639,00;12327,00;13172,00;0,09;0,13;0,07;;1,25;1,50;0,75;0,75;0,00;0,00;3,50;0,00;0,75;3,85;4,01;1,80;0,88;0,00;0,96;1,00;1,00;0,91;0,87;
4.1.2015 19:15;001,1;000,0;;;;;19054;1425294;5522;170855;52;163;0;0;0;0;0;0;0;;1,00;1,50;0,75;0,00;0,00;0,00;13673,00;12395,00;13166,00;0,09;0,13;0,07;;1,25;1,50;0,75;0,75;0,00;0,00;3,75;0,00;0,75;3,89;4,04;1,30;0,94;0,00;0,97;1,01;1,00;0,96;0,93;
4.1.2015 19:30;001,3;000,0;;;;;19055;1425294;5522;170855;52;163;0;0;0;0;0;0;0;;0,75;0,25;0,50;0,00;0,00;0,00;13663,00;12394,00;13201,00;0,06;0,03;0,05;;0,75;0,25;0,50;0,00;0,00;0,00;1,50;0,00;0,00;1,78;1,82;1,04;0,38;0,00;0,45;0,46;1,00;0,84;0,82;
4.1.2015 19:45;001,3;000,0;;;;;19055;1425294;5522;170855;52;163;0;0;0;0;0;0;0;;1,00;1,50;0,75;0,00;0,00;0,00;13690,00;12395,00;13173,00;0,09;0,13;0,07;;1,25;1,50;0,75;0,75;0,00;0,00;3,75;0,00;0,75;3,90;4,04;1,31;0,94;0,00;0,97;1,01;1,00;0,96;0,93;
4.1.2015 20:00;001,3;000,0;;;;;19055;1425294;5522;170855;52;163;0;0;0;0;0;0;0;;0,75;0,25;0,50;0,00;0,00;0,00;13646,00;12372,00;13151,00;0,06;0,03;0,05;;0,75;0,25;0,50;0,00;0,00;0,00;1,50;0,00;0,00;1,75;1,80;0,99;0,38;0,00;0,44;0,45;1,00;0,86;0,83;
4.1.2015 20:15;001,3;000,0;;;;;19056;1425294;5522;170855;52;163;0;0;0;0;0;0;0;;1,00;1,50;0,75;0,00;0,00;0,00;13693,00;12369,00;13160,00;0,09;0,13;0,07;;1,25;1,50;0,75;0,75;0,00;0,00;3,50;0,00;0,75;3,86;4,01;1,82;0,88;0,00;0,96;1,00;1,00;0,91;0,87;
4.1.2015 20:30;001,4;000,0;;;;;19056;1425294;5522;170855;52;163;0;0;0;0;0;0;0;;0,75;0,25;0,50;0,00;0,00;0,00;13798,00;12301,00;13122,00;0,06;0,03;0,05;;0,75;0,25;0,50;0,00;0,00;0,00;1,50;0,00;0,00;1,75;1,80;1,00;0,38;0,00;0,44;0,45;1,00;0,85;0,83;
4.1.2015 20:45;001,3;000,0;;;;;19056;1425294;5522;170855;52;163;0;0;0;0;0;0;0;;1,25;1,50;0,75;0,00;0,75;0,50;13794,00;12312,00;13168,00;0,12;0,16;0,09;;1,50;1,75;1,00;0,83;0,50;0,43;3,75;1,25;1,76;4,78;4,95;2,39;0,94;0,31;1,20;1,24;0,94;0,78;0,76;
4.1.2015 21:00;001,3;000,0;;;;;19056;1425294;5523;170855;52;163;0;0;0;0;0;0;0;;1,25;1,50;0,75;0,00;0,50;0,00;13844,00;12308,00;13185,00;0,11;0,14;0,08;;1,25;1,75;1,00;0,00;0,75;0,66;3,75;0,50;1,41;4,33;4,49;1,96;0,94;0,12;1,08;1,12;0,99;0,87;0,84;
4.1.2015 21:15;001,4;000,0;;;;;19057;1425294;5523;170855;52;163;0;0;0;0;0;0;0;;1,00;1,50;0,75;0,00;0,00;0,00;14310,00;12000,00;13070,00;0,09;0,13;0,07;;1,25;1,50;0,75;0,75;0,00;0,00;3,75;0,00;0,75;3,89;4,06;1,37;0,94;0,00;0,97;1,02;1,00;0,96;0,92;
4.1.2015 21:30;001,4;000,0;;;;;19057;1425294;5523;170855;52;163;0;0;0;0;0;0;0;;1,00;1,50;0,75;0,00;0,00;0,00;14336,00;11959,00;13122,00;0,09;0,13;0,07;;1,25;1,50;0,75;0,75;0,00;0,00;3,75;0,00;0,75;3,89;4,07;1,38;0,94;0,00;0,97;1,02;1,00;0,96;0,92;
4.1.2015 21:45;001,4;000,0;;;;;19058;1425294;5523;170855;52;163;0;0;0;0;0;0;0;;0,75;0,25;0,50;0,00;0,00;0,00;13794,00;12446,00;13159,00;0,06;0,03;0,05;;0,75;0,25;0,50;0,00;0,00;0,00;1,50;0,00;0,00;1,79;1,83;1,05;0,38;0,00;0,45;0,46;1,00;0,84;0,82;
4.1.2015 22:00;001,2;000,0;;;;;19058;1425294;5523;170855;52;163;0;0;0;0;0;0;0;;1,00;1,50;0,75;0,00;0,00;0,00;13744,00;12464,00;13188,00;0,09;0,13;0,07;;1,25;1,50;0,75;0,75;0,00;0,00;3,75;0,00;0,75;3,91;4,06;1,35;0,94;0,00;0,98;1,01;1,00;0,96;0,92;
4.1.2015 22:15;001,4;000,0;;;;;19058;1425294;5523;170855;52;163;0;0;0;0;0;0;0;;1,00;1,50;0,75;0,00;0,00;0,00;13781,00;12453,00;13160,00;0,09;0,13;0,07;;1,25;1,50;0,75;0,75;0,00;0,00;3,75;0,00;0,75;3,91;4,06;1,35;0,94;0,00;0,98;1,01;1,00;0,96;0,92;
4.1.2015 22:30;001,4;000,0;;;;;19059;1425294;5523;170855;52;163;0;0;0;0;0;0;0;;1,00;1,50;0,75;0,00;0,00;0,00;13873,00;12468,00;13153,00;0,09;0,13;0,07;;1,25;1,50;0,75;0,75;0,00;0,00;3,75;0,00;0,75;3,92;4,07;1,38;0,94;0,00;0,98;1,02;1,00;0,96;0,92;
4.1.2015 22:45;001,4;000,0;;;;;19059;1425294;5523;170855;52;163;0;0;0;0;0;0;0;;1,25;1,75;1,00;-0,50;0,00;0,00;13893,00;12447,00;13129,00;0,10;0,16;0,09;;1,25;1,75;1,00;nan;0,00;0,00;4,25;-0,50;nan;4,57;4,78;NaN;1,06;-0,12;1,14;1,19;0,99;0,93;0,89;
4.1.2015 23:00;001,4;000,0;;;;;19059;1425294;5523;170855;52;163;0;0;0;0;0;0;0;;1,00;1,50;0,75;0,00;0,00;0,00;13895,00;12425,00;13167,00;0,09;0,13;0,07;;1,25;1,50;1,00;0,75;0,00;0,66;3,75;0,00;1,41;3,92;4,07;0,69;0,94;0,00;0,98;1,02;1,00;0,96;0,92;
4.1.2015 23:15;001,6;000,0;;;;;19060;1425294;5523;170855;52;163;0;0;0;0;0;0;0;;1,00;1,50;0,75;0,00;0,00;0,00;13999,00;12476,00;13252,00;0,09;0,13;0,07;;1,25;1,50;1,00;0,75;0,00;0,66;3,75;0,00;1,41;3,94;4,09;0,82;0,94;0,00;0,99;1,02;1,00;0,95;0,92;
4.1.2015 23:30;001,6;000,0;;;;;19060;1425294;5523;170855;52;163;0;0;0;0;0;0;0;;1,50;2,00;1,75;0,00;0,00;0,00;14023,00;12472,00;13254,00;0,11;0,18;0,15;;1,50;2,00;1,75;0,00;0,00;0,00;5,50;0,00;0,00;5,74;5,91;2,17;1,38;0,00;1,44;1,48;1,00;0,96;0,93;
4.1.2015 23:45;002,1;000,0;;;;;19061;1425294;5523;170855;52;163;0;0;0;0;0;0;0;;1,50;1,50;1,00;0,00;0,00;0,00;14038,00;12479,00;13242,00;0,12;0,14;0,08;;1,50;1,75;1,00;0,00;0,90;0,00;4,25;0,00;0,90;4,46;4,59;1,47;1,06;0,00;1,11;1,15;1,00;0,95;0,93;
5.1.2015 00:00;001,6;000,0;;;;;19061;1425294;5523;170855;52;163;0;0;0;0;0;0;0;;1,50;1,50;1,00;0,00;0,00;0,00;14027,00;12491,00;13242,00;0,12;0,14;0,08;;1,50;1,75;1,00;0,00;0,90;0,00;4,25;0,00;0,90;4,49;4,63;1,59;1,06;0,00;1,12;1,16;1,00;0,95;0,92;
5.1.2015 00:15;001,8;000,0;;;;;19061;1425294;5523;170855;52;163;0;0;0;0;0;0;0;;1,50;2,00;1,00;-0,50;0,00;0,00;13960,00;12455,00;13244,00;0,13;0,17;0,09;;1,75;2,00;1,00;0,75;0,00;0,00;4,75;-0,50;0,75;5,02;5,23;1,98;1,19;-0,12;1,26;1,31;0,99;0,95;0,91;
5.1.2015 00:30;001,9;000,0;;;;;19062;1425294;5523;170855;52;163;0;0;0;0;0;0;0;;1,50;1,50;1,00;0,00;0,00;0,00;14010,00;12453,00;13237,00;0,12;0,14;0,08;;1,50;1,75;1,00;0,00;0,90;0,00;4,25;0,00;0,90;4,45;4,58;1,44;1,06;0,00;1,11;1,14;1,00;0,96;0,93;
5.1.2015 00:45;001,5;000,0;;;;;19062;1425294;5523;170855;52;163;0;0;0;0;0;0;0;;1,00;0,25;0,50;0,00;0,00;0,00;13999,00;12420,00;13182,00;0,09;0,04;0,06;;1,00;0,50;0,75;0,00;0,43;0,56;2,25;0,00;0,99;2,48;2,55;0,68;0,56;0,00;0,62;0,64;1,00;0,91;0,88;
5.1.2015 01:00;001,8;000,0;;;;;19063;1425294;5523;170855;52;163;0;0;0;0;0;0;0;;1,50;1,50;1,00;0,00;0,00;0,00;13991,00;12438,00;13223,00;0,12;0,14;0,08;;1,50;1,75;1,00;0,00;0,90;0,00;4,25;0,00;0,90;4,41;4,55;1,35;1,06;0,00;1,10;1,14;1,00;0,96;0,93;
5.1.2015 01:15;001,7;000,0;;;;;19063;1425294;5523;170855;52;164;0;0;0;0;0;0;0;;1,50;2,00;1,00;-0,50;0,00;0,00;13932,00;12440,00;13251,00;0,13;0,17;0,09;;1,75;2,00;1,00;0,75;0,00;0,00;4,75;-0,50;0,75;5,02;5,22;1,97;1,19;-0,12;1,25;1,31;0,99;0,95;0,91;
5.1.2015 01:30;001,8;000,0;;;;;19064;1425294;5523;170855;52;164;0;0;0;0;0;0;0;;1,50;1,50;1,00;0,00;0,00;0,00;13980,00;12444,00;13250,00;0,12;0,14;0,08;;1,50;1,75;1,00;0,00;0,90;0,00;4,25;0,00;0,90;4,41;4,55;1,36;1,06;0,00;1,10;1,14;1,00;0,96;0,93;
5.1.2015 01:45;001,7;000,0;;;;;19064;1425294;5523;170855;52;164;0;0;0;0;0;0;0;;1,50;1,50;1,00;0,00;0,00;0,00;13958,00;12423,00;13257,00;0,12;0,14;0,08;;1,50;1,75;1,00;0,00;0,90;0,00;4,25;0,00;0,90;4,44;4,57;1,42;1,06;0,00;1,11;1,14;1,00;0,96;0,93;
