Cas;P+;P-;Q1;Q2;Q3;Q4;A+;A-;AQ1;AQ2;AQ3;AQ4;S;AP1;AP2;AP3;D1;D2;D3;;P1;P2;P3;Q1;Q2;Q3;U1;U2;U3;I1;I2;I3;;S1;S2;S3;D1;D2;D3;P;Q;D;Sa;Sr;N;AP++;AQ++;Asa++;Asr++;cosFi;P/Sa;P/Sr
 ;"1.5";"2.5";"5.5";"6.5";"7.5";"8.5";"1.8";"2.8";"5.8";"6.8";"7.8";"8.8";"9.8";"21.8";"41.8";"61.8";"181.5";"182.5";"183.5"
 ;[kW];[kW];[kvar];[kvar];[kvar];[kvar];[kWh];[kWh];[kvarh];[kvarh];[kvarh];[kvarh];[kVAh];[kWh];[kWh];[kWh];[kvar];[kvar];[kvar]; ;[kW];[kW];[kW];[kvar];[kvar];[kvar];[V];[V];[V];[A];[A];[A]; ;[kVA];[kVA];[kVA];[kvar];[kvar];kvar];[kW];[kvar];[kvar];[kVAh];[kVAh];[kvar];[kWh];[kvarh];[kVAh];[kVAh]
1.8.2015 00:00;000,7;000,0;000,0;000,0;000,0;000,0;15106;2000967;10;112302;421;2939;0;0;0;0;0;0;0;;0,75;0,00;0,75;0,00;0,00;0,00;13110,00;13074,00;13097,00;0,07;0,03;0,08;;0,75;0,00;1,00;0,00;0,00;0,66;1,50;0,00;0,66;2,42;2,56;1,96;0,38;0,00;0,61;0,64;1,00;0,62;0,59;
1.8.2015 00:15;000,7;000,0;000,0;000,0;000,0;000,0;15106;2000967;10;112302;421;2939;0;0;0;0;0;0;0;;0,75;0,00;0,75;0,00;0,00;0,00;13102,00;13064,00;13092,00;0,07;0,03;0,08;;0,75;0,00;1,00;0,00;0,00;0,66;1,75;0,00;0,66;2,42;2,56;1,74;0,44;0,00;0,61;0,64;1,00;0,72;0,68;
1.8.2015 00:30;000,7;000,0;000,0;000,0;000,0;000,0;15106;2000967;10;112302;421;2939;0;0;0;0;0;0;0;;0,75;0,00;0,75;0,00;0,00;0,00;13096,00;13051,00;13083,00;0,07;0,03;0,08;;0,75;0,00;1,00;0,00;0,00;0,66;1,75;0,00;0,66;2,42;2,55;1,74;0,44;0,00;0,61;0,64;1,00;0,72;0,69;
1.8.2015 00:45;000,7;000,0;000,0;000,0;000,0;000,0;15107;2000967;10;112302;421;2939;0;0;0;0;0;0;0;;0,75;0,00;0,75;0,00;0,00;0,00;13083,00;13041,00;13077,00;0,07;0,03;0,08;;0,75;0,00;1,00;0,00;0,00;0,66;1,75;0,00;0,66;2,42;2,55;1,74;0,44;0,00;0,60;0,64;1,00;0,72;0,69;
1.8.2015 01:00;000,7;000,0;000,0;000,0;000,0;000,0;15107;2000967;10;112302;421;2939;0;0;0;0;0;0;0;;0,75;0,00;0,75;0,00;0,00;0,00;13116,00;13070,00;13106,00;0,07;0,03;0,08;;0,75;0,00;1,00;0,00;0,00;0,66;1,75;0,00;0,66;2,42;2,56;1,74;0,44;0,00;0,61;0,64;1,00;0,72;0,68;
1.8.2015 01:15;000,7;000,0;000,0;000,0;000,0;000,0;15107;2000967;10;112302;421;2939;0;0;0;0;0;0;0;;0,75;0,00;0,75;0,00;0,00;0,00;13141,00;13092,00;13129,00;0,07;0,03;0,08;;0,75;0,00;1,00;0,00;0,00;0,66;1,75;0,00;0,66;2,43;2,56;1,75;0,44;0,00;0,61;0,64;1,00;0,72;0,68;
1.8.2015 01:30;000,7;000,0;000,0;000,0;000,0;000,0;15107;2000967;10;112302;421;2939;0;0;0;0;0;0;0;;0,75;0,00;0,75;0,00;0,00;0,00;13138,00;13096,00;13130,00;0,07;0,03;0,08;;0,75;0,00;1,00;0,00;0,00;0,66;1,75;0,00;0,66;2,43;2,56;1,75;0,44;0,00;0,61;0,64;1,00;0,72;0,68;
1.8.2015 01:45;000,7;000,0;000,0;000,0;000,0;000,0;15107;2000967;10;112302;421;2939;0;0;0;0;0;0;0;;0,75;0,00;0,75;0,00;0,00;0,00;13151,00;13109,00;13138,00;0,07;0,03;0,08;;0,75;0,00;1,00;0,00;0,00;0,66;1,75;0,00;0,66;2,43;2,56;1,75;0,44;0,00;0,61;0,64;1,00;0,72;0,68;
1.8.2015 02:00;000,8;000,0;000,0;000,0;000,0;000,0;15107;2000967;10;112302;421;2939;0;0;0;0;0;0;0;;0,75;0,00;0,75;0,00;0,00;0,00;13153,00;13109,00;13142,00;0,07;0,03;0,08;;0,75;0,00;1,00;0,00;0,00;0,66;1,75;0,00;0,66;2,43;2,57;1,75;0,44;0,00;0,61;0,64;1,00;0,72;0,68;
1.8.2015 02:15;000,7;000,0;000,0;000,0;000,0;000,0;15108;2000967;10;112302;421;2939;0;0;0;0;0;0;0;;0,75;0,00;0,75;0,00;0,00;0,00;13179,00;13133,00;13161,00;0,07;0,03;0,08;;0,75;0,00;1,00;0,00;0,00;0,66;1,75;0,00;0,66;2,44;2,57;1,76;0,44;0,00;0,61;0,64;1,00;0,72;0,68;
1.8.2015 02:30;000,7;000,0;000,0;000,0;000,0;000,0;15108;2000967;10;112302;421;2939;0;0;0;0;0;0;0;;0,75;0,00;0,75;0,00;0,00;0,00;13180,00;13132,00;13161,00;0,07;0,03;0,08;;0,75;0,00;1,00;0,00;0,00;0,66;1,75;0,00;0,66;2,44;2,57;1,76;0,44;0,00;0,61;0,64;1,00;0,72;0,68;
1.8.2015 02:45;000,7;000,0;000,0;000,0;000,0;000,0;15108;2000967;10;112302;421;2939;0;0;0;0;0;0;0;;1,00;0,00;0,75;0,00;0,00;0,00;13180,00;13132,00;13161,00;0,08;0,03;0,09;;1,00;0,00;1,00;0,00;0,00;0,66;1,75;0,00;0,66;2,57;2,72;1,98;0,44;0,00;0,64;0,68;1,00;0,68;0,64;
1.8.2015 03:00;000,7;000,0;000,0;000,0;000,0;000,0;15108;2000967;10;112302;421;2939;0;0;0;0;0;0;0;;0,75;0,00;0,75;0,00;0,00;0,00;13171,00;13125,00;13157,00;0,07;0,03;0,08;;0,75;0,00;1,00;0,00;0,00;0,66;1,75;0,00;0,66;2,47;2,61;1,82;0,44;0,00;0,62;0,65;1,00;0,71;0,67;
1.8.2015 03:15;000,7;000,0;000,0;000,0;000,0;000,0;15108;2000967;10;112302;421;2939;0;0;0;0;0;0;0;;0,75;0,00;0,75;0,00;0,00;0,00;13172,00;13131,00;13157,00;0,07;0,03;0,08;;0,75;0,00;1,00;0,00;0,00;0,66;1,75;0,00;0,66;2,47;2,61;1,82;0,44;0,00;0,62;0,65;1,00;0,71;0,67;
1.8.2015 03:30;000,7;000,0;000,0;000,0;000,0;000,0;15109;2000967;10;112302;421;2939;0;0;0;0;0;0;0;;0,75;0,00;0,75;0,00;0,00;0,00;13185,00;13131,00;13162,00;0,07;0,03;0,08;;0,75;0,00;1,00;0,00;0,00;0,66;1,75;0,00;0,66;2,50;2,65;1,87;0,44;0,00;0,63;0,66;1,00;0,70;0,66;
1.8.2015 03:45;000,8;000,0;000,0;000,0;000,0;000,0;15109;2000967;10;112302;421;2939;0;0;0;0;0;0;0;;0,75;0,00;0,75;0,00;0,00;0,00;13169,00;13123,00;13153,00;0,07;0,03;0,08;;0,75;0,00;1,00;0,00;0,00;0,66;1,75;0,00;0,66;2,43;2,57;1,76;0,44;0,00;0,61;0,64;1,00;0,72;0,68;
1.8.2015 04:00;000,7;000,0;000,0;000,0;000,0;000,0;15109;2000967;10;112302;421;2939;0;0;0;0;0;0;0;;0,75;0,00;0,75;0,00;0,00;0,00;13188,00;13141,00;13168,00;0,07;0,03;0,08;;0,75;0,00;1,00;0,00;0,00;0,66;1,75;0,00;0,66;2,44;2,57;1,76;0,44;0,00;0,61;0,64;1,00;0,72;0,68;
1.8.2015 04:15;000,7;000,0;000,0;000,0;000,0;000,0;15109;2000967;10;112302;421;2939;0;0;0;0;0;0;0;;0,75;0,00;0,75;0,00;0,00;0,00;13177,00;13129,00;13161,00;0,07;0,03;0,08;;0,75;0,00;1,00;0,00;0,00;0,66;1,75;0,00;0,66;2,47;2,61;1,82;0,44;0,00;0,62;0,65;1,00;0,71;0,67;
1.8.2015 04:30;000,7;000,0;000,0;000,0;000,0;000,0;15109;2000967;10;112302;421;2939;0;0;0;0;0;0;0;;0,75;0,00;0,75;0,00;0,00;0,00;13186,00;13144,00;13170,00;0,07;0,03;0,08;;0,75;0,00;1,00;0,00;0,00;0,66;1,75;0,00;0,66;2,50;2,65;1,87;0,44;0,00;0,63;0,66;1,00;0,70;0,66;
1.8.2015 04:45;000,7;000,0;000,0;000,0;000,0;000,0;15109;2000967;10;112302;421;2939;0;0;0;0;0;0;0;;0,75;0,00;0,75;0,00;0,00;0,00;13208,00;13170,00;13196,00;0,07;0,03;0,08;;0,75;0,00;1,00;0,00;0,00;0,66;1,75;0,00;0,66;2,47;2,62;1,83;0,44;0,00;0,62;0,65;1,00;0,71;0,67;
1.8.2015 05:00;000,8;000,0;000,0;000,0;000,0;000,0;15110;2000967;10;112302;421;2939;0;0;0;0;0;0;0;;0,75;0,00;0,75;0,00;0,00;0,00;13244,00;13194,00;13223,00;0,07;0,03;0,08;;0,75;0,00;1,00;0,00;0,00;0,66;1,75;0,00;0,66;2,48;2,62;1,84;0,44;0,00;0,62;0,66;1,00;0,71;0,67;
1.8.2015 05:15;000,7;000,0;000,0;000,0;000,0;000,0;15110;2000967;10;112302;421;2939;0;0;0;0;0;0;0;;0,75;0,00;0,75;0,00;0,00;0,00;13246,00;13196,00;13226,00;0,07;0,03;0,08;;0,75;0,00;1,00;0,00;0,00;0,66;1,75;0,00;0,66;2,48;2,62;1,84;0,44;0,00;0,62;0,66;1,00;0,71;0,67;
1.8.2015 05:30;000,7;000,0;000,0;000,0;000,0;000,0;15110;2000967;10;112302;421;2939;0;0;0;0;0;0;0;;0,75;0,00;0,75;0,00;0,00;0,00;13244,00;13197,00;13234,00;0,07;0,03;0,08;;0,75;0,00;1,00;0,00;0,00;0,66;1,75;0,00;0,66;2,51;2,66;1,89;0,44;0,00;0,63;0,67;1,00;0,70;0,66;
1.8.2015 05:45;000,1;002,3;000,0;000,0;000,0;000,1;15110;2000968;10;112302;421;2939;0;0;0;0;0;0;0;;-2,50;-3,25;-3,00;0,00;0,00;0,00;13246,00;13198,00;13224,00;0,21;0,26;0,24;;2,75;3,25;3,00;1,15;0,00;0,00;-9,00;0,00;1,15;9,39;9,42;2,54;-2,25;0,00;2,35;2,36;1,00;-0,96;-0,96;
1.8.2015 06:00;000,0;004,6;000,0;000,0;000,0;000,0;15110;2000969;10;112302;421;2939;0;0;0;0;0;0;0;;-4,00;-4,75;-4,50;0,00;0,00;0,00;13227,00;13175,00;13205,00;0,31;0,37;0,35;;4,00;4,75;4,50;0,00;0,00;0,00;-13,25;0,00;0,00;13,66;13,69;3,45;-3,31;0,00;3,42;3,42;1,00;-0,97;-0,97;
1.8.2015 06:15;000,0;007,0;000,0;000,0;000,0;000,0;15110;2000971;10;112302;421;2939;0;0;0;0;0;0;0;;-7,25;-7,75;-7,50;0,00;0,00;0,00;13192,00;13149,00;13181,00;0,56;0,61;0,59;;7,25;8,00;7,75;0,00;1,98;1,95;-22,75;0,00;3,94;23,09;23,10;0,79;-5,69;0,00;5,77;5,78;1,00;-0,99;-0,98;
1.8.2015 06:30;000,0;012,5;000,0;000,0;000,0;000,0;15110;2000974;10;112302;421;2939;0;0;0;0;0;0;0;;-13,25;-13,75;-13,50;0,00;0,00;0,00;13158,00;13111,00;13148,00;1,01;1,07;1,05;;13,25;13,75;13,75;0,00;0,00;2,61;-40,75;0,00;2,61;41,06;41,07;4,40;-10,19;0,00;10,26;10,27;1,00;-0,99;-0,99;
1.8.2015 06:45;000,0;022,2;000,0;000,2;000,0;000,0;15110;2000979;10;112302;421;2939;0;0;0;0;0;0;0;;-23,75;-24,50;-24,25;0,00;0,75;0,00;13154,00;13105,00;13148,00;1,81;1,87;1,85;;23,75;24,50;24,25;0,00;nan;0,00;-72,50;0,75;nan;72,70;72,71;NaN;-18,12;0,19;18,18;18,18;1,00;-1,00;-1,00;
1.8.2015 07:00;000,0;038,0;000,0;001,0;000,0;000,0;15110;2000989;10;112303;421;2939;0;0;0;0;0;0;0;;-39,50;-40,25;-40,00;1,50;1,75;0,75;13160,00;13106,00;13146,00;3,01;3,09;3,06;;39,50;40,50;40,25;nan;4,14;4,42;-120,25;4,50;nan;120,43;120,44;NaN;-30,06;1,12;30,11;30,11;1,00;-1,00;-1,00;
1.8.2015 07:15;000,0;054,9;000,0;002,2;000,0;000,0;15110;2001003;10;112303;421;2939;0;0;0;0;0;0;0;;-51,75;-52,50;-52,25;2,25;2,75;1,50;13126,00;13070,00;13115,00;3,95;4,03;4,00;;51,75;52,50;52,50;nan;nan;4,89;-156,75;6,50;nan;157,01;157,02;NaN;-39,19;1,62;39,25;39,26;1,00;-1,00;-1,00;
1.8.2015 07:30;000,0;072,4;000,0;003,4;000,0;000,0;15110;2001021;10;112304;421;2939;0;0;0;0;0;0;0;;-70,50;-71,50;-71,25;3,75;4,25;2,75;13096,00;13044,00;13088,00;5,40;5,50;5,45;;70,50;71,50;71,25;nan;nan;nan;-213,50;11,00;nan;213,79;213,80;NaN;-53,38;2,75;53,45;53,45;1,00;-1,00;-1,00;
1.8.2015 07:45;000,0;094,4;000,0;005,1;000,0;000,0;15110;2001045;10;112305;421;2939;0;0;0;0;0;0;0;;-88,00;-89,50;-89,25;5,25;6,00;4,00;13115,00;13052,00;13105,00;6,74;6,88;6,83;;88,25;89,75;89,25;4,06;2,97;nan;-267,25;15,50;nan;267,73;267,75;NaN;-66,81;3,88;66,93;66,94;1,00;-1,00;-1,00;
1.8.2015 08:00;000,0;115,2;000,0;006,9;000,0;000,0;15110;2001074;10;112307;421;2939;0;0;0;0;0;0;0;;-102,75;-104,25;-104,00;6,75;7,50;5,25;13077,00;13024,00;13074,00;7,89;8,03;7,97;;103,00;104,50;104,00;2,42;nan;nan;-311,25;19,75;nan;311,96;311,97;NaN;-77,81;4,94;77,99;77,99;1,00;-1,00;-1,00;
1.8.2015 08:15;000,0;130,1;000,0;008,5;000,0;000,0;15110;2001106;10;112309;421;2939;0;0;0;0;0;0;0;;-114,00;-115,50;-115,25;7,75;8,75;6,50;13077,00;13020,00;13067,00;8,76;8,91;8,85;;114,25;115,75;115,50;nan;nan;3,93;-345,25;23,25;nan;346,11;346,12;NaN;-86,31;5,81;86,53;86,53;1,00;-1,00;-1,00;
1.8.2015 08:30;000,0;150,1;000,0;008,7;000,0;000,0;15110;2001144;10;112311;421;2939;0;0;0;0;0;0;0;;-137,75;-138,50;-139,00;7,00;8,25;6,25;13034,00;12975,00;13026,00;10,60;10,71;10,69;;138,00;138,75;139,25;4,47;1,12;5,52;-415,75;21,75;11,11;416,37;416,38;NaN;-103,94;5,44;104,09;104,09;1,00;-1,00;-1,00;
1.8.2015 08:45;000,0;175,0;000,0;009,5;000,0;000,0;15110;2001188;10;112314;421;2939;0;0;0;0;0;0;0;;-151,75;-152,50;-153,00;8,25;9,50;7,50;13033,00;12981,00;13029,00;11,68;11,79;11,76;;152,00;153,00;153,25;2,81;7,91;4,51;-457,50;25,50;15,22;458,43;458,43;NaN;-114,38;6,38;114,61;114,61;1,00;-1,00;-1,00;
1.8.2015 09:00;000,0;184,2;000,0;010,4;000,0;000,0;15110;2001234;10;112316;421;2939;0;0;0;0;0;0;0;;-157,25;-158,75;-159,00;8,75;10,50;7,50;13045,00;12992,00;13039,00;12,09;12,26;12,22;;157,50;159,25;159,25;1,46;6,98;4,83;-475,50;27,00;13,27;476,33;476,35;NaN;-118,88;6,75;119,08;119,09;1,00;-1,00;-1,00;
1.8.2015 09:15;000,0;204,7;000,0;012,0;000,0;000,0;15110;2001285;10;112319;421;2939;0;0;0;0;0;0;0;;-177,50;-178,50;-178,75;10,25;12,00;9,25;13222,00;13170,00;13205,00;13,45;13,60;13,57;;177,75;179,00;179,00;nan;5,89;1,97;-535,00;32,00;nan;536,04;536,05;NaN;-133,75;8,00;134,01;134,01;1,00;-1,00;-1,00;
1.8.2015 09:30;000,0;216,4;000,0;013,1;000,0;000,0;15110;2001339;10;112323;421;2939;0;0;0;0;0;0;0;;-180,50;-181,00;-181,75;10,50;12,25;9,75;13175,00;13115,00;13162,00;13,73;13,85;13,84;;180,75;181,50;182,00;nan;5,58;nan;-543,50;32,75;nan;544,60;544,61;NaN;-135,88;8,19;136,15;136,15;1,00;-1,00;-1,00;
1.8.2015 09:45;000,0;213,1;000,0;012,7;000,0;000,0;15110;2001392;10;112326;421;2939;0;0;0;0;0;0;0;;-198,75;-199,50;-200,00;12,50;14,00;11,50;13156,00;13097,00;13147,00;15,15;15,28;15,25;;199,25;200,00;200,50;6,54;1,94;8,25;-598,75;38,25;16,72;600,06;600,07;NaN;-149,69;9,56;150,01;150,02;1,00;-1,00;-1,00;
1.8.2015 10:00;000,0;238,0;000,0;015,2;000,0;000,0;15110;2001452;10;112330;421;2939;0;0;0;0;0;0;0;;-199,25;-201,00;-201,25;12,50;14,50;11,00;13156,00;13101,00;13146,00;15,18;15,39;15,34;;199,75;201,50;201,50;6,58;nan;nan;-601,75;38,25;nan;603,03;603,04;NaN;-150,44;9,56;150,76;150,76;1,00;-1,00;-1,00;
1.8.2015 10:15;000,0;246,1;000,0;016,0;000,0;000,0;15110;2001514;10;112334;421;2939;0;0;0;0;0;0;0;;-214,75;-216,50;-216,75;14,25;16,25;12,50;13162,00;13114,00;13159,00;16,35;16,57;16,51;;215,25;217,25;217,25;3,46;7,83;7,79;-648,25;43,50;19,08;649,82;649,83;NaN;-162,06;10,88;162,45;162,46;1,00;-1,00;-1,00;
1.8.2015 10:30;000,0;257,1;000,0;017,2;000,0;000,0;15110;2001578;10;112338;421;2939;0;0;0;0;0;0;0;;-211,25;-212,25;-212,50;13,50;15,25;12,75;13128,00;13089,00;13124,00;16,13;16,27;16,23;;211,75;212,75;212,75;5,41;nan;nan;-636,25;41,75;nan;637,68;637,69;NaN;-159,06;10,44;159,42;159,42;1,00;-1,00;-1,00;
1.8.2015 10:45;000,0;265,5;000,0;018,1;000,0;000,0;15110;2001644;10;112342;421;2939;0;0;0;0;0;0;0;;-216,50;-218,25;-218,25;14,50;16,25;12,75;13109,00;13055,00;13098,00;16,56;16,77;16,71;;217,00;218,75;218,75;2,55;nan;7,48;-653,25;44,00;nan;654,89;654,90;NaN;-163,31;11,00;163,72;163,73;1,00;-1,00;-1,00;
1.8.2015 11:00;000,0;278,3;000,0;019,4;000,0;000,0;15110;2001714;10;112347;421;2939;0;0;0;0;0;0;0;;-236,50;-238,25;-238,25;16,75;18,25;14,75;13111,00;13061,00;13108,00;18,10;18,30;18,23;;237,25;239,00;238,75;8,65;4,99;4,58;-713,25;50,00;18,21;715,22;715,23;NaN;-178,31;12,50;178,80;178,81;1,00;-1,00;-1,00;
1.8.2015 11:15;000,0;290,5;000,0;020,5;000,0;000,0;15110;2001786;10;112352;421;2939;0;0;0;0;0;0;0;;-245,50;-247,75;-248,00;17,50;19,75;15,25;13074,00;13017,00;13069,00;18,84;19,09;19,03;;246,25;248,50;248,50;7,91;nan;3,96;-741,50;52,75;nan;743,51;743,53;NaN;-185,38;13,19;185,88;185,88;1,00;-1,00;-1,00;
1.8.2015 11:30;000,0;291,2;000,0;020,7;000,0;000,0;15110;2001859;10;112358;421;2939;0;0;0;0;0;0;0;;-236,00;-238,00;-238,25;16,75;18,75;14,75;13058,00;13004,00;13056,00;18,13;18,37;18,30;;236,75;238,75;238,75;8,60;2,45;4,58;-712,50;50,50;15,63;714,55;714,57;12,50;-178,12;12,62;178,64;178,64;1,00;-1,00;-1,00;
1.8.2015 11:45;000,0;285,4;000,0;020,1;000,0;000,0;15110;2001931;10;112363;421;2939;0;0;0;0;0;0;0;;-249,00;-251,00;-251,00;17,75;19,75;15,50;13043,00;12988,00;13036,00;19,15;19,39;19,31;;249,50;251,75;251,75;nan;nan;11,70;-751,25;53,50;nan;753,27;753,29;NaN;-187,81;13,38;188,32;188,32;1,00;-1,00;-1,00;
1.8.2015 12:00;000,0;316,2;000,0;022,9;000,0;000,0;15110;2002010;10;112368;421;2939;0;0;0;0;0;0;0;;-261,00;-263,50;-263,50;19,25;21,00;16,50;13050,00;12995,00;13047,00;20,07;20,35;20,25;;261,75;264,50;264,00;4,64;9,33;nan;-788,50;57,00;nan;790,60;790,62;NaN;-197,12;14,25;197,65;197,65;1,00;-1,00;-1,00;
1.8.2015 12:15;000,0;315,5;000,0;022,8;000,0;000,0;15110;2002089;10;112374;421;2939;0;0;0;0;0;0;0;;-262,75;-264,75;-265,00;19,25;21,00;16,75;13077,00;13015,00;13077,00;20,15;20,41;20,32;;263,50;265,50;265,50;4,91;nan;nan;-792,75;57,00;nan;794,83;794,85;NaN;-198,19;14,25;198,71;198,71;1,00;-1,00;-1,00;
1.8.2015 12:30;000,0;318,7;000,0;023,0;000,0;000,0;15110;2002168;10;112380;421;2939;0;0;0;0;0;0;0;;-265,50;-267,50;-268,00;19,25;21,50;16,75;13098,00;13028,00;13082,00;20,33;20,61;20,53;;266,25;268,50;268,50;5,32;8,59;nan;-801,25;57,75;nan;803,40;803,42;NaN;-200,31;14,44;200,85;200,85;1,00;-1,00;-1,00;
1.8.2015 12:45;000,0;317,4;000,0;022,8;000,0;000,0;15110;2002248;10;112385;421;2939;0;0;0;0;0;0;0;;-260,50;-262,75;-263,00;19,25;21,00;16,50;13094,00;13031,00;13092,00;19,95;20,24;20,13;;261,25;263,50;263,50;4,56;nan;nan;-786,25;57,00;nan;788,55;788,57;NaN;-196,56;14,25;197,14;197,14;1,00;-1,00;-1,00;
1.8.2015 13:00;000,0;314,5;000,0;022,6;000,0;000,0;15110;2002326;10;112391;421;2939;0;0;0;0;0;0;0;;-261,50;-263,50;-264,00;18,50;21,00;16,25;13101,00;13040,00;13089,00;20,01;20,29;20,22;;262,25;264,50;264,50;7,11;9,33;0,43;-789,25;56,00;16,87;791,49;791,51;12,51;-197,31;14,00;197,87;197,88;1,00;-1,00;-1,00;
1.8.2015 13:15;000,0;311,8;000,0;022,3;000,0;000,0;15110;2002404;10;112397;421;2939;0;0;0;0;0;0;0;;-255,50;-257,25;-257,75;18,00;20,50;16,00;13126,00;13064,00;13108,00;19,52;19,77;19,70;;256,25;258,25;258,25;7,73;9,76;1,41;-770,75;54,75;18,91;772,85;772,87;NaN;-192,69;13,69;193,21;193,22;1,00;-1,00;-1,00;
1.8.2015 13:30;000,0;311,0;000,0;022,1;000,0;000,0;15110;2002482;10;112402;421;2939;0;0;0;0;0;0;0;;-258,75;-260,75;-261,25;18,50;20,75;16,00;13115,00;13051,00;13104,00;19,78;20,05;19,97;;259,25;261,50;261,75;nan;nan;2,35;-780,75;55,50;nan;782,87;782,89;NaN;-195,19;13,88;195,72;195,72;1,00;-1,00;-1,00;
1.8.2015 13:45;000,0;288,9;000,0;020,2;000,0;000,0;15110;2002554;10;112407;421;2939;0;0;0;0;0;0;0;;-245,00;-247,00;-247,25;17,00;19,25;15,00;13171,00;13115,00;13152,00;18,66;18,91;18,83;;245,75;247,75;247,75;8,89;0,71;4,74;-739,50;51,50;14,34;741,43;741,45;5,05;-184,88;12,88;185,36;185,36;1,00;-1,00;-1,00;
1.8.2015 14:00;000,0;298,2;000,0;021,1;000,0;000,0;15110;2002629;10;112413;421;2939;0;0;0;0;0;0;0;;-244,75;-246,75;-247,00;17,50;19,50;15,00;13117,00;13057,00;13110,00;18,71;18,97;18,89;;245,25;247,50;247,50;nan;nan;4,72;-738,75;52,25;nan;740,66;740,68;NaN;-184,69;13,06;185,16;185,17;1,00;-1,00;-1,00;
1.8.2015 14:15;000,0;295,4;000,0;020,8;000,0;000,0;15110;2002703;10;112418;421;2939;0;0;0;0;0;0;0;;-240,75;-242,75;-243,00;17,00;19,00;14,75;13140,00;13083,00;13134,00;18,37;18,62;18,54;;241,25;243,50;243,50;nan;1,92;5,07;-726,50;51,00;nan;728,39;728,41;NaN;-181,62;12,75;182,10;182,10;1,00;-1,00;-1,00;
1.8.2015 14:30;000,0;291,4;000,0;020,5;000,0;000,0;15110;2002775;10;112423;421;2939;0;0;0;0;0;0;0;;-241,75;-243,25;-244,25;16,50;19,25;15,00;13159,00;13071,00;13158,00;18,43;18,68;18,61;;242,50;244,00;244,75;9,54;nan;4,42;-729,75;51,00;nan;731,66;731,68;NaN;-182,44;12,75;182,91;182,92;1,00;-1,00;-1,00;
1.8.2015 14:45;000,0;284,1;000,0;019,7;000,0;000,0;15110;2002846;10;112428;421;2939;0;0;0;0;0;0;0;;-230,25;-221,75;-190,25;32,25;-8,50;18,75;14352,00;13511,00;11691,00;16,21;16,44;16,37;;232,50;222,00;191,25;1,06;6,22;5,47;-642,75;42,25;12,75;646,19;648,65;75,27;-160,69;10,56;161,55;162,16;1,00;-0,99;-0,99;
1.8.2015 15:00;000,0;258,1;000,0;017,2;000,0;000,0;15110;2002911;10;112432;421;2939;0;0;0;0;0;0;0;;-244,00;-235,50;-201,50;34,75;-8,50;20,00;14368,00;13539,00;11696,00;17,17;17,41;17,32;;246,50;235,75;202,50;4,32;6,75;2,00;-681,25;46,00;13,07;684,98;687,59;79,95;-170,31;11,50;171,25;171,90;1,00;-0,99;-0,99;
1.8.2015 15:15;000,0;260,8;000,0;017,4;000,0;000,0;15110;2002976;10;112436;421;2939;0;0;0;0;0;0;0;;-233,50;-224,25;-192,50;32,75;-8,50;19,25;14404,00;13525,00;11703,00;16,37;16,61;16,54;;235,75;224,50;193,50;nan;6,32;3,93;-650,50;43,25;nan;653,95;656,51;NaN;-162,62;10,81;163,49;164,13;1,00;-0,99;-0,99;
1.8.2015 15:30;000,0;245,2;000,0;015,9;000,0;000,0;15110;2003037;10;112440;421;2939;0;0;0;0;0;0;0;;-219,25;-211,00;-181,00;30,25;-8,50;17,25;14369,00;13507,00;11687,00;15,41;15,64;15,57;;221,25;211,25;182,00;nan;5,77;8,09;-611,50;39,00;nan;614,71;617,09;NaN;-152,88;9,75;153,68;154,27;1,00;-0,99;-0,99;
1.8.2015 15:45;000,0;241,9;000,0;015,5;000,0;000,0;15110;2003098;10;112444;421;2939;0;0;0;0;0;0;0;;-210,00;-202,00;-173,25;28,75;-8,50;16,50;14378,00;13513,00;11692,00;14,76;14,98;14,90;;212,00;202,25;174,25;4,18;5,37;8,67;-585,75;36,75;18,22;588,88;591,16;68,41;-146,44;9,19;147,22;147,79;1,00;-0,99;-0,99;
1.8.2015 16:00;000,0;224,7;000,0;013,8;000,0;000,0;15110;2003154;10;112448;421;2939;0;0;0;0;0;0;0;;-190,50;-183,75;-157,75;25,25;-8,00;14,00;14403,00;13571,00;11737,00;13,35;13,57;13,51;;192,25;184,00;158,50;5,68;5,29;6,42;-532,25;31,00;17,38;534,88;536,94;61,27;-133,06;7,75;133,72;134,24;1,00;-1,00;-0,99;
1.8.2015 16:15;000,0;209,4;000,0;012,4;000,0;000,0;15110;2003206;10;112451;421;2939;0;0;0;0;0;0;0;;-182,25;-175,50;-150,75;23,75;-8,00;13,25;14426,00;13577,00;11745,00;12,75;12,95;12,90;;183,75;175,75;151,25;nan;4,88;nan;-508,75;29,00;nan;511,27;513,26;NaN;-127,19;7,25;127,82;128,31;1,00;-1,00;-0,99;
1.8.2015 16:30;000,0;184,2;000,0;010,2;000,0;000,0;15110;2003252;10;112453;421;2939;0;0;0;0;0;0;0;;-122,75;-118,75;-101,75;14,75;-6,25;7,50;14411,00;13580,00;11741,00;8,58;8,76;8,71;;123,50;118,75;102,25;nan;nan;6,76;-343,50;16,00;nan;344,97;346,34;NaN;-85,88;4,00;86,24;86,59;1,00;-1,00;-0,99;
1.8.2015 16:45;000,0;160,7;000,0;008,3;000,0;000,0;15110;2003292;10;112455;421;2939;0;0;0;0;0;0;0;;-148,50;-143,75;-123,50;18,75;-6,75;9,75;14420,00;13609,00;11766,00;10,42;10,61;10,57;;149,75;144,00;124,25;4,61;5,14;9,53;-416,25;21,75;19,27;419,09;420,72;53,82;-104,06;5,44;104,77;105,18;1,00;-0,99;-0,99;
1.8.2015 17:00;000,0;163,2;000,0;008,4;000,0;000,0;15110;2003333;10;112457;421;2939;0;0;0;0;0;0;0;;-134,25;-129,75;-111,50;16,25;-6,50;8,75;14451,00;13646,00;11789,00;9,37;9,53;9,50;;135,25;130,00;112,00;2,33;4,76;5,93;-375,75;18,75;13,03;377,45;378,92;43,28;-93,94;4,69;94,36;94,73;1,00;-1,00;-0,99;
1.8.2015 17:15;000,0;140,1;000,0;006,8;000,0;000,0;15110;2003368;10;112459;421;2939;0;0;0;0;0;0;0;;-115,75;-112,25;-96,25;14,00;-6,00;7,00;14431,00;13617,00;11776,00;8,09;8,27;8,21;;116,50;112,50;96,50;nan;4,49;nan;-324,50;14,75;nan;325,94;327,21;NaN;-81,12;3,69;81,48;81,80;1,00;-1,00;-0,99;
1.8.2015 17:30;000,0;119,9;000,0;005,4;000,0;000,0;15110;2003398;10;112461;421;2939;0;0;0;0;0;0;0;;-98,25;-95,00;-81,75;11,25;-5,25;5,50;14442,00;13633,00;11782,00;6,86;7,00;6,96;;99,00;95,25;82,00;4,62;4,47;3,27;-275,25;11,50;12,36;276,43;277,52;31,14;-68,81;2,88;69,11;69,38;1,00;-1,00;-0,99;
1.8.2015 17:45;000,0;098,5;000,0;003,9;000,0;000,0;15110;2003422;10;112461;421;2939;0;0;0;0;0;0;0;;-78,00;-76,25;-65,25;9,00;-4,25;4,00;14267,00;13473,00;11640,00;5,51;5,67;5,63;;78,50;76,25;65,50;nan;nan;4,09;-219,75;8,75;nan;220,61;221,51;NaN;-54,94;2,19;55,15;55,38;1,00;-1,00;-0,99;
1.8.2015 18:00;000,0;073,4;000,0;003,1;000,0;000,0;15110;2003441;10;112462;421;2939;0;0;0;0;0;0;0;;-57,50;-56,75;-48,50;7,00;-2,50;3,00;14266,00;13469,00;11637,00;4,07;4,24;4,18;;58,00;57,00;48,50;2,96;4,71;nan;-163,00;7,50;nan;163,79;164,48;NaN;-40,75;1,88;40,95;41,12;1,00;-1,00;-0,99;
1.8.2015 18:15;000,0;056,9;000,0;002,4;000,0;000,0;15110;2003455;10;112463;421;2939;0;0;0;0;0;0;0;;-39,25;-38,75;-33,00;4,25;-2,25;1,75;14289,00;13438,00;11627,00;2,78;2,89;2,86;;39,50;38,75;33,00;1,27;nan;nan;-111,25;3,75;nan;111,81;112,31;NaN;-27,81;0,94;27,95;28,08;1,00;-0,99;-0,99;
1.8.2015 18:30;000,0;037,0;000,0;001,2;000,0;000,0;15110;2003464;10;112463;421;2939;0;0;0;0;0;0;0;;-26,00;-26,50;-22,25;3,00;-1,25;0,00;14256,00;13476,00;11652,00;1,84;1,98;1,93;;26,00;26,50;22,25;nan;nan;0,00;-75,00;1,50;nan;75,37;75,75;NaN;-18,75;0,38;18,84;18,94;1,00;-1,00;-0,99;
1.8.2015 18:45;000,0;023,6;000,0;000,5;000,0;000,0;15110;2003470;10;112463;421;2939;0;0;0;0;0;0;0;;-18,75;-19,00;-16,25;1,75;-1,00;0,00;14228,00;13456,00;11645,00;1,33;1,43;1,40;;18,75;19,25;16,25;nan;2,93;0,00;-54,00;0,75;nan;54,43;54,72;NaN;-13,50;0,19;13,61;13,68;1,00;-0,99;-0,99;
1.8.2015 19:00;000,0;017,7;000,0;000,4;000,0;000,0;15110;2003474;10;112463;421;2939;0;0;0;0;0;0;0;;-12,00;-12,75;-10,75;1,25;0,00;0,00;14254,00;13477,00;11659,00;0,86;0,96;0,93;;12,25;12,75;10,75;2,12;0,00;0,00;-35,75;1,25;2,12;36,11;36,33;5,98;-8,94;0,31;9,03;9,08;1,00;-0,99;-0,98;
1.8.2015 19:15;000,0;011,3;000,0;000,4;000,0;000,0;15110;2003477;10;112463;421;2939;0;0;0;0;0;0;0;;-7,25;-8,75;-7,00;0,75;0,00;0,00;14254,00;13462,00;11654,00;0,53;0,66;0,62;;7,50;8,75;7,00;1,77;0,00;0,00;-23,25;0,75;1,77;23,57;23,84;4,89;-5,81;0,19;5,89;5,96;1,00;-0,99;-0,98;
1.8.2015 19:30;000,0;008,0;000,0;000,0;000,0;000,0;15110;2003479;10;112463;421;2939;0;0;0;0;0;0;0;;-5,00;-6,00;-4,75;0,00;0,00;0,00;14253,00;13433,00;11634,00;0,36;0,46;0,43;;5,00;6,00;5,00;0,00;0,00;1,56;-16,00;0,00;1,56;16,31;16,53;3,84;-4,00;0,00;4,08;4,13;1,00;-0,98;-0,97;
1.8.2015 19:45;000,0;005,0;000,0;000,0;000,0;000,0;15110;2003480;10;112463;421;2939;0;0;0;0;0;0;0;;-3,00;-3,50;-2,75;0,00;0,00;0,00;14224,00;13432,00;11637,00;0,23;0,28;0,27;;3,25;3,75;3,00;1,25;1,35;1,20;-9,75;0,00;3,80;10,18;10,29;NaN;-2,44;0,00;2,54;2,57;1,00;-0,96;-0,95;
1.8.2015 20:00;000,0;002,8;000,0;000,0;000,0;000,0;15110;2003481;10;112463;421;2939;0;0;0;0;0;0;0;;0,00;-1,50;-0,75;0,00;0,00;0,00;14225,00;13432,00;11629,00;0,05;0,13;0,11;;0,00;1,50;1,25;0,00;0,00;1,00;-2,50;0,00;1,00;3,74;4,01;2,98;-0,62;0,00;0,93;1,00;1,00;-0,67;-0,62;
1.8.2015 20:15;000,2;000,3;000,0;000,0;000,1;000,1;15110;2003481;10;112463;421;2939;0;0;0;0;0;0;0;;1,00;0,00;0,50;0,00;0,00;0,00;14187,00;13416,00;11612,00;0,07;0,03;0,08;;1,00;0,00;0,75;0,00;0,00;0,56;1,50;0,00;0,56;2,36;2,52;1,95;0,38;0,00;0,59;0,63;1,00;0,63;0,59;
1.8.2015 20:30;000,8;000,0;000,0;000,0;000,0;000,0;15110;2003481;10;112463;421;2939;0;0;0;0;0;0;0;;1,00;0,00;0,50;0,00;0,00;0,00;14156,00;13387,00;11586,00;0,07;0,03;0,08;;1,00;0,00;0,75;0,00;0,00;0,56;1,50;0,00;0,56;2,36;2,52;1,94;0,38;0,00;0,59;0,63;1,00;0,64;0,60;
1.8.2015 20:45;000,9;000,0;000,0;000,0;000,0;000,3;15110;2003481;10;112463;421;2939;0;0;0;0;0;0;0;;1,00;0,00;0,50;0,00;0,00;0,00;14315,00;13534,00;11698,00;0,07;0,03;0,08;;1,00;0,00;0,75;0,00;0,00;0,56;1,50;0,00;0,56;2,38;2,54;1,98;0,38;0,00;0,60;0,64;1,00;0,63;0,59;
1.8.2015 21:00;000,7;000,0;000,0;000,0;000,0;000,0;15111;2003481;10;112463;421;2939;0;0;0;0;0;0;0;;1,00;0,00;0,50;0,00;0,00;0,00;14290,00;13513,00;11710,00;0,07;0,03;0,08;;1,00;0,00;0,75;0,00;0,00;0,56;1,50;0,00;0,56;2,41;2,58;2,02;0,38;0,00;0,60;0,65;1,00;0,62;0,58;
1.8.2015 21:15;000,7;000,0;000,0;000,0;000,0;000,0;15111;2003481;10;112463;421;2939;0;0;0;0;0;0;0;;1,00;0,00;0,50;0,00;0,00;0,00;14322,00;13529,00;11704,00;0,07;0,03;0,08;;1,00;0,00;0,75;0,00;0,00;0,56;1,50;0,00;0,56;2,41;2,58;2,03;0,38;0,00;0,60;0,65;1,00;0,62;0,58;
1.8.2015 21:30;000,7;000,0;000,0;000,0;000,0;000,0;15111;2003481;10;112463;421;2939;0;0;0;0;0;0;0;;1,00;0,00;0,50;0,00;0,00;0,00;14296,00;13557,00;11714,00;0,07;0,03;0,08;;1,00;0,00;0,75;0,00;0,00;0,56;1,50;0,00;0,56;2,38;2,54;1,98;0,38;0,00;0,60;0,64;1,00;0,63;0,59;
1.8.2015 21:45;000,7;000,0;000,0;000,0;000,0;000,0;15111;2003481;10;112463;421;2939;0;0;0;0;0;0;0;;1,00;0,00;0,50;0,00;0,00;0,00;14316,00;13625,00;11776,00;0,07;0,03;0,08;;1,00;0,00;0,75;0,00;0,00;0,56;1,75;0,00;0,56;2,46;2,63;1,88;0,44;0,00;0,61;0,66;1,00;0,71;0,67;
1.8.2015 22:00;000,7;000,0;000,0;000,0;000,0;000,0;15111;2003481;10;112463;421;2939;0;0;0;0;0;0;0;;1,00;0,00;0,50;0,00;0,00;0,00;14303,00;13597,00;11740,00;0,07;0,03;0,08;;1,00;0,00;0,75;0,00;0,00;0,56;1,50;0,00;0,56;2,42;2,59;2,03;0,38;0,00;0,61;0,65;1,00;0,62;0,58;
1.8.2015 22:15;000,7;000,0;000,0;000,0;000,0;000,0;15112;2003481;10;112463;421;2939;0;0;0;0;0;0;0;;1,00;0,00;0,50;0,00;0,00;0,00;14254,00;13607,00;11745,00;0,07;0,03;0,08;;1,00;0,00;0,75;0,00;0,00;0,56;1,50;0,00;0,56;2,39;2,55;1,98;0,38;0,00;0,60;0,64;1,00;0,63;0,59;
1.8.2015 22:30;000,7;000,0;000,0;000,0;000,0;000,0;15112;2003481;10;112463;421;2939;0;0;0;0;0;0;0;;1,00;0,00;0,50;0,00;0,00;0,00;14325,00;13650,00;11787,00;0,07;0,03;0,08;;1,00;0,00;0,75;0,00;0,00;0,56;1,50;0,00;0,56;2,40;2,56;1,99;0,38;0,00;0,60;0,64;1,00;0,63;0,59;
1.8.2015 22:45;000,7;000,0;000,0;000,0;000,0;000,0;15112;2003481;10;112463;421;2939;0;0;0;0;0;0;0;;1,00;0,00;0,50;0,00;0,00;0,00;14362,00;13646,00;11793,00;0,07;0,03;0,08;;1,00;0,00;0,75;0,00;0,00;0,56;1,75;0,00;0,56;2,46;2,64;1,89;0,44;0,00;0,62;0,66;1,00;0,71;0,66;
1.8.2015 23:00;000,7;000,0;000,0;000,0;000,0;000,0;15112;2003481;10;112463;421;2939;0;0;0;0;0;0;0;;1,00;0,00;0,50;0,00;0,00;0,00;14353,00;13680,00;11813,00;0,07;0,03;0,08;;1,00;0,00;0,75;0,00;0,00;0,56;1,75;0,00;0,56;2,43;2,60;1,84;0,44;0,00;0,61;0,65;1,00;0,72;0,67;
1.8.2015 23:15;000,7;000,0;000,0;000,0;000,0;000,0;15112;2003481;10;112463;421;2939;0;0;0;0;0;0;0;;1,00;0,00;0,50;0,00;0,00;0,00;14325,00;13572,00;11732,00;0,07;0,03;0,08;;1,00;0,00;0,75;0,00;0,00;0,56;1,50;0,00;0,56;2,39;2,55;1,98;0,38;0,00;0,60;0,64;1,00;0,63;0,59;
1.8.2015 23:30;000,7;000,0;000,0;000,0;000,0;000,0;15112;2003481;10;112463;421;2939;0;0;0;0;0;0;0;;1,00;0,00;0,50;0,00;0,00;0,00;14347,00;13658,00;11794,00;0,07;0,03;0,08;;1,00;0,00;0,75;0,00;0,00;0,56;1,50;0,00;0,56;2,40;2,56;2,00;0,38;0,00;0,60;0,64;1,00;0,63;0,59;
1.8.2015 23:45;000,7;000,0;000,0;000,0;000,0;000,0;15113;2003481;10;112463;421;2939;0;0;0;0;0;0;0;;1,00;0,00;0,50;0,00;0,00;0,00;14338,00;13655,00;11793,00;0,07;0,03;0,08;;1,00;0,00;0,75;0,00;0,00;0,56;1,75;0,00;0,56;2,43;2,60;1,84;0,44;0,00;0,61;0,65;1,00;0,72;0,67;
2.8.2015 00:00;000,7;000,0;000,0;000,0;000,0;000,0;15113;2003481;10;112463;421;2939;0;0;0;0;0;0;0;;1,00;0,00;0,50;0,00;0,00;0,00;14387,00;13630,00;11769,00;0,07;0,03;0,08;;1,00;0,00;0,75;0,00;0,00;0,56;1,75;0,00;0,56;2,43;2,60;1,84;0,44;0,00;0,61;0,65;1,00;0,72;0,67;
2.8.2015 00:15;000,7;000,0;000,0;000,0;000,0;000,0;15113;2003481;10;112463;421;2939;0;0;0;0;0;0;0;;1,00;0,00;0,50;0,00;0,00;0,00;14369,00;13599,00;11743,00;0,07;0,03;0,08;;1,00;0,00;0,75;0,00;0,00;0,56;1,75;0,00;0,56;2,42;2,59;1,83;0,44;0,00;0,61;0,65;1,00;0,72;0,67;
2.8.2015 00:30;000,7;000,0;000,0;000,0;000,0;000,0;15113;2003481;10;112463;421;2939;0;0;0;0;0;0;0;;1,00;0,00;0,50;0,00;0,00;0,00;14362,00;13634,00;11757,00;0,07;0,03;0,08;;1,00;0,00;0,75;0,00;0,00;0,56;1,75;0,00;0,56;2,42;2,60;1,84;0,44;0,00;0,61;0,65;1,00;0,72;0,67;
2.8.2015 00:45;000,7;000,0;000,0;000,0;000,0;000,0;15113;2003481;10;112463;421;2939;0;0;0;0;0;0;0;;1,00;0,00;0,50;0,00;0,00;0,00;14326,00;13657,00;11786,00;0,07;0,03;0,08;;1,00;0,00;0,75;0,00;0,00;0,56;1,75;0,00;0,56;2,43;2,60;1,84;0,44;0,00;0,61;0,65;1,00;0,72;0,67;
2.8.2015 01:00;000,7;000,0;000,0;000,0;000,0;000,0;15113;2003481;10;112463;421;2939;0;0;0;0;0;0;0;;1,00;0,00;0,50;0,00;0,00;0,00;14326,00;13658,00;11795,00;0,07;0,03;0,08;;1,00;0,00;0,75;0,00;0,00;0,56;1,75;0,00;0,56;2,43;2,60;1,84;0,44;0,00;0,61;0,65;1,00;0,72;0,67;
2.8.2015 01:15;000,7;000,0;000,0;000,0;000,0;000,0;15114;2003481;10;112463;421;2939;0;0;0;0;0;0;0;;1,00;0,00;0,50;0,00;0,00;0,00;14396,00;13701,00;11825,00;0,07;0,03;0,08;;1,00;0,00;0,75;0,00;0,00;0,56;1,75;0,00;0,56;2,43;2,61;1,85;0,44;0,00;0,61;0,65;1,00;0,72;0,67;
2.8.2015 01:30;000,7;000,0;000,0;000,0;000,0;000,0;15114;2003481;10;112463;421;2939;0;0;0;0;0;0;0;;1,00;0,00;0,50;0,00;0,00;0,00;14212,00;13515,00;11670,00;0,07;0,03;0,08;;1,00;0,00;0,75;0,00;0,00;0,56;1,50;0,00;0,56;2,40;2,57;2,01;0,38;0,00;0,60;0,64;1,00;0,62;0,58;
2.8.2015 01:45;000,7;000,0;000,0;000,0;000,0;000,0;15114;2003481;10;112463;421;2939;0;0;0;0;0;0;0;;1,00;0,00;0,50;0,00;0,00;0,00;14249,00;13538,00;11693,00;0,07;0,03;0,08;;1,00;0,00;0,75;0,00;0,00;0,56;1,50;0,00;0,56;2,41;2,58;2,02;0,38;0,00;0,60;0,64;1,00;0,62;0,58;
2.8.2015 02:00;000,7;000,0;000,0;000,0;000,0;000,0;15114;2003481;10;112463;421;2939;0;0;0;0;0;0;0;;1,00;0,00;0,50;0,00;0,00;0,00;14258,00;13524,00;11678,00;0,07;0,03;0,08;;1,00;0,00;0,75;0,00;0,00;0,56;1,50;0,00;0,56;2,41;2,58;2,02;0,38;0,00;0,60;0,64;1,00;0,62;0,58;
2.8.2015 02:15;000,6;000,0;000,0;000,0;000,0;000,0;15114;2003481;10;112463;421;2939;0;0;0;0;0;0;0;;1,00;0,00;0,50;0,00;0,00;0,00;14262,00;13519,00;11681,00;0,07;0,03;0,08;;1,00;0,00;0,75;0,00;0,00;0,56;1,50;0,00;0,56;2,38;2,54;1,97;0,38;0,00;0,59;0,63;1,00;0,63;0,59;
2.8.2015 02:30;000,7;000,0;000,0;000,0;000,0;000,0;15114;2003481;10;112463;421;2939;0;0;0;0;0;0;0;;1,00;0,00;0,50;0,00;0,00;0,00;14256,00;13543,00;11699,00;0,07;0,03;0,08;;1,00;0,00;0,75;0,00;0,00;0,56;1,75;0,00;0,56;2,45;2,62;1,86;0,44;0,00;0,61;0,65;1,00;0,72;0,67;
2.8.2015 02:45;000,7;000,0;000,0;000,0;000,0;000,0;15115;2003481;10;112463;421;2939;0;0;0;0;0;0;0;;1,00;0,00;0,50;0,00;0,00;0,00;14292,00;13562,00;11716,00;0,07;0,03;0,08;;1,00;0,00;0,75;0,00;0,00;0,56;1,75;0,00;0,56;2,45;2,62;1,87;0,44;0,00;0,61;0,66;1,00;0,71;0,67;
2.8.2015 03:00;000,7;000,0;000,0;000,0;000,0;000,0;15115;2003481;10;112463;421;2939;0;0;0;0;0;0;0;;1,00;0,00;0,50;0,00;0,00;0,00;14311,00;13522,00;11693,00;0,07;0,03;0,08;;1,00;0,00;0,75;0,00;0,00;0,56;1,50;0,00;0,56;2,41;2,58;2,03;0,38;0,00;0,60;0,65;1,00;0,62;0,58;
2.8.2015 03:15;000,7;000,0;000,0;000,0;000,0;000,0;15115;2003481;10;112463;421;2939;0;0;0;0;0;0;0;;1,00;0,00;0,50;0,00;0,00;0,00;14317,00;13574,00;11718,00;0,07;0,03;0,08;;1,00;0,00;0,75;0,00;0,00;0,56;1,75;0,00;0,56;2,42;2,59;1,82;0,44;0,00;0,60;0,65;1,00;0,72;0,68;
2.8.2015 03:30;000,7;000,0;000,0;000,0;000,0;000,0;15115;2003481;10;112463;421;2939;0;0;0;0;0;0;0;;1,00;0,00;0,50;0,00;0,00;0,00;14320,00;13577,00;11725,00;0,07;0,03;0,08;;1,00;0,00;0,75;0,00;0,00;0,56;1,75;0,00;0,56;2,45;2,63;1,88;0,44;0,00;0,61;0,66;1,00;0,71;0,67;
2.8.2015 03:45;000,8;000,0;000,0;000,0;000,0;000,0;15115;2003481;10;112463;421;2939;0;0;0;0;0;0;0;;1,00;0,00;0,50;0,00;0,00;0,00;14330,00;13594,00;11743,00;0,07;0,03;0,08;;1,00;0,00;0,75;0,00;0,00;0,56;1,75;0,00;0,56;2,46;2,63;1,88;0,44;0,00;0,61;0,66;1,00;0,71;0,67;
2.8.2015 04:00;000,7;000,0;000,0;000,0;000,0;000,0;15116;2003481;10;112463;421;2939;0;0;0;0;0;0;0;;1,00;0,00;0,50;0,00;0,00;0,00;14343,00;13611,00;11756,00;0,07;0,03;0,08;;1,00;0,00;0,75;0,00;0,00;0,56;1,75;0,00;0,56;2,46;2,63;1,88;0,44;0,00;0,61;0,66;1,00;0,71;0,67;
2.8.2015 04:15;000,7;000,0;000,0;000,0;000,0;000,0;15116;2003481;10;112463;421;2939;0;0;0;0;0;0;0;;1,00;0,00;0,50;0,00;0,00;0,00;14267,00;13560,00;11711,00;0,07;0,03;0,08;;1,00;0,00;0,75;0,00;0,00;0,56;1,75;0,00;0,56;2,45;2,62;1,87;0,44;0,00;0,61;0,65;1,00;0,71;0,67;
2.8.2015 04:30;000,7;000,0;000,0;000,0;000,0;000,0;15116;2003481;10;112463;421;2939;0;0;0;0;0;0;0;;1,00;0,00;0,50;0,00;0,00;0,00;14277,00;13545,00;11701,00;0,07;0,03;0,08;;1,00;0,00;0,75;0,00;0,00;0,56;1,75;0,00;0,56;2,45;2,62;1,87;0,44;0,00;0,61;0,65;1,00;0,72;0,67;
2.8.2015 04:45;000,7;000,0;000,0;000,0;000,0;000,0;15116;2003481;10;112463;421;2939;0;0;0;0;0;0;0;;1,00;0,00;0,50;0,00;0,00;0,00;14246,00;13596,00;11744,00;0,07;0,03;0,08;;1,00;0,00;0,75;0,00;0,00;0,56;1,75;0,00;0,56;2,45;2,62;1,87;0,44;0,00;0,61;0,66;1,00;0,71;0,67;
2.8.2015 05:00;000,7;000,0;000,0;000,0;000,0;000,0;15116;2003481;10;112463;421;2939;0;0;0;0;0;0;0;;1,00;0,00;0,50;0,00;0,00;0,00;14300,00;13588,00;11746,00;0,07;0,03;0,08;;1,00;0,00;0,75;0,00;0,00;0,56;1,75;0,00;0,56;2,42;2,59;1,82;0,44;0,00;0,60;0,65;1,00;0,72;0,68;
2.8.2015 05:15;000,7;000,0;000,0;000,0;000,0;000,0;15116;2003481;10;112463;421;2939;0;0;0;0;0;0;0;;1,00;0,00;0,50;0,00;0,00;0,00;14322,00;13615,00;11767,00;0,07;0,03;0,08;;1,00;0,00;0,75;0,00;0,00;0,56;1,75;0,00;0,56;2,46;2,63;1,88;0,44;0,00;0,61;0,66;1,00;0,71;0,67;
2.8.2015 05:30;000,7;000,0;000,0;000,0;000,0;000,0;15117;2003481;10;112463;421;2939;0;0;0;0;0;0;0;;1,00;0,00;0,50;0,00;0,00;0,00;14323,00;13625,00;11777,00;0,07;0,03;0,08;;1,00;0,00;0,75;0,00;0,00;0,56;1,75;0,00;0,56;2,46;2,63;1,88;0,44;0,00;0,61;0,66;1,00;0,71;0,66;
2.8.2015 05:45;000,5;000,9;000,0;000,0;000,1;000,1;15117;2003481;10;112463;421;2939;0;0;0;0;0;0;0;;-3,50;-4,00;-3,25;0,00;0,00;0,00;14332,00;13652,00;11789,00;0,26;0,31;0,28;;3,50;4,00;3,25;0,00;0,00;0,00;-10,75;0,00;0,00;11,22;11,30;3,49;-2,69;0,00;2,80;2,83;1,00;-0,96;-0,95;
2.8.2015 06:00;000,0;006,8;000,0;000,0;000,0;000,0;15117;2003483;10;112463;421;2939;0;0;0;0;0;0;0;;-6,00;-6,50;-5,25;0,00;0,00;0,00;14335,00;13623,00;11776,00;0,43;0,49;0,47;;6,00;6,50;5,25;0,00;0,00;0,00;-18,00;0,00;0,00;18,28;18,39;3,77;-4,50;0,00;4,57;4,60;1,00;-0,98;-0,98;
2.8.2015 06:15;000,0;007,0;000,0;000,0;000,0;000,0;15117;2003485;10;112463;421;2939;0;0;0;0;0;0;0;;-6,50;-7,00;-5,75;0,00;0,00;0,00;14115,00;13439,00;11609,00;0,48;0,53;0,51;;6,75;7,00;5,75;1,82;0,00;0,00;-19,50;0,00;1,82;19,85;19,96;3,84;-4,88;0,00;4,96;4,99;1,00;-0,98;-0,98;
2.8.2015 06:30;000,0;009,2;000,0;000,1;000,0;000,0;15117;2003487;10;112463;421;2939;0;0;0;0;0;0;0;;-10,25;-10,50;-8,75;0,75;-0,75;0,00;14104,00;13421,00;11591,00;0,74;0,79;0,76;;10,25;10,50;8,75;nan;nan;0,00;-29,50;0,00;nan;29,87;30,00;NaN;-7,38;0,00;7,47;7,50;1,00;-0,99;-0,98;
2.8.2015 06:45;000,0;019,5;000,0;000,4;000,0;000,0;15117;2003492;10;112464;421;2939;0;0;0;0;0;0;0;;-30,50;-30,00;-25,50;3,25;-1,75;1,25;14090,00;13426,00;11596,00;2,19;2,25;2,22;;30,75;30,00;25,75;2,18;nan;3,35;-86,25;2,50;nan;86,81;87,12;NaN;-21,56;0,62;21,70;21,78;1,00;-0,99;-0,99;
2.8.2015 07:00;000,0;056,2;000,0;002,4;000,0;000,0;15117;2003506;10;112464;421;2939;0;0;0;0;0;0;0;;-70,00;-67,75;-58,00;8,75;-3,25;4,25;14108,00;13397,00;11569,00;5,01;5,07;5,05;;70,50;67,75;58,25;nan;nan;3,32;-196,00;9,75;nan;196,96;197,66;NaN;-49,00;2,44;49,24;49,42;1,00;-1,00;-0,99;
2.8.2015 07:15;000,0;081,4;000,0;004,1;000,0;000,0;15117;2003526;10;112465;421;2939;0;0;0;0;0;0;0;;-51,00;-49,50;-42,25;6,00;-2,75;2,75;14279,00;13565,00;11705,00;3,60;3,66;3,63;;51,25;49,50;42,50;nan;nan;3,69;-143,00;5,75;nan;143,60;144,12;NaN;-35,75;1,44;35,90;36,03;1,00;-1,00;-0,99;
2.8.2015 07:30;000,0;054,0;000,0;002,2;000,0;000,0;15117;2003540;10;112466;421;2939;0;0;0;0;0;0;0;;-52,50;-51,50;-43,75;6,25;-2,75;2,75;14272,00;13571,00;11693,00;3,71;3,80;3,77;;52,75;51,50;44,00;nan;nan;3,79;-148,00;6,25;nan;148,64;149,20;NaN;-37,00;1,56;37,16;37,30;1,00;-1,00;-0,99;
2.8.2015 07:45;000,0;094,8;000,0;005,4;000,0;000,0;15117;2003564;10;112467;421;2939;0;0;0;0;0;0;0;;-78,25;-75,75;-65,00;10,00;-3,50;5,00;14242,00;13565,00;11688,00;5,55;5,61;5,58;;79,00;76,00;65,25;4,24;5,07;2,75;-219,25;11,50;12,05;220,36;221,12;23,41;-54,81;2,88;55,09;55,28;1,00;-0,99;-0,99;
2.8.2015 08:00;000,0;081,8;000,0;004,2;000,0;000,0;15117;2003584;10;112468;421;2939;0;0;0;0;0;0;0;;-65,00;-63,50;-54,25;8,00;-3,25;3,75;14260,00;13544,00;11673,00;4,61;4,70;4,67;;65,50;63,50;54,50;1,12;nan;3,62;-183,00;8,75;nan;183,91;184,60;NaN;-45,75;2,19;45,98;46,15;1,00;-1,00;-0,99;
2.8.2015 08:15;000,0;073,3;000,0;003,5;000,0;000,0;15117;2003602;10;112469;421;2939;0;0;0;0;0;0;0;;-60,75;-58,75;-50,50;7,25;-3,25;3,50;14231,00;13560,00;11677,00;4,30;4,36;4,34;;61,25;59,00;50,50;2,90;4,34;nan;-170,25;7,75;nan;170,93;171,54;NaN;-42,56;1,94;42,73;42,89;1,00;-1,00;-0,99;
2.8.2015 08:30;000,0;066,9;000,0;003,1;000,0;000,0;15117;2003619;10;112470;421;2939;0;0;0;0;0;0;0;;-59,50;-57,50;-49,25;7,00;-3,00;3,50;14212,00;13482,00;11614,00;4,23;4,28;4,26;;60,00;57,50;49,50;3,28;nan;3,53;-166,50;7,50;nan;167,25;167,87;NaN;-41,62;1,88;41,81;41,97;1,00;-1,00;-0,99;
2.8.2015 08:45;000,0;050,4;000,0;002,0;000,0;000,0;15117;2003632;10;112470;421;2939;0;0;0;0;0;0;0;;-32,50;-31,50;-27,00;3,50;-2,00;1,50;14238,00;13486,00;11632,00;2,30;2,35;2,33;;32,75;31,50;27,00;2,02;nan;nan;-91,00;3,00;nan;91,54;91,89;NaN;-22,75;0,75;22,89;22,97;1,00;-0,99;-0,99;
2.8.2015 09:00;000,0;045,9;000,0;001,8;000,0;000,0;15117;2003643;10;112471;421;2939;0;0;0;0;0;0;0;;-65,00;-62,75;-53,75;7,75;-3,50;4,00;14238,00;13509,00;11646,00;4,60;4,65;4,63;;65,50;62,75;54,00;2,28;nan;3,31;-181,50;8,50;nan;182,39;183,05;NaN;-45,38;2,12;45,60;45,76;1,00;-1,00;-0,99;
2.8.2015 09:15;000,0;097,6;000,0;005,5;000,0;000,0;15117;2003668;10;112472;421;2939;0;0;0;0;0;0;0;;-137,50;-132,75;-113,50;19,75;-5,00;11,50;14213,00;13488,00;11620,00;9,79;9,85;9,82;;139,00;132,75;114,00;4,97;nan;nan;-384,00;26,25;nan;386,14;387,51;NaN;-96,00;6,56;96,54;96,88;1,00;-0,99;-0,99;
2.8.2015 09:30;000,0;184,7;000,0;010,7;000,0;000,0;15117;2003714;10;112475;421;2939;0;0;0;0;0;0;0;;-200,00;-192,50;-165,00;26,75;-8,25;15,25;14228,00;13482,00;11605,00;14,19;14,30;14,28;;201,75;192,75;165,75;nan;5,32;3,94;-557,75;33,75;nan;560,51;562,59;NaN;-139,44;8,44;140,13;140,65;1,00;-1,00;-0,99;
2.8.2015 09:45;000,0;184,2;000,0;010,6;000,0;000,0;15117;2003760;10;112477;421;2939;0;0;0;0;0;0;0;;-134,75;-129,50;-111,00;16,50;-7,00;9,00;14239,00;13475,00;11604,00;9,60;9,69;9,67;;135,75;129,75;112,00;nan;3,98;11,92;-375,25;18,50;nan;379,51;380,94;NaN;-93,81;4,62;94,88;95,23;1,00;-0,99;-0,99;
2.8.2015 10:00;000,0;124,0;000,0;005,8;000,0;000,0;15117;2003792;10;112479;421;2939;0;0;0;0;0;0;0;;-213,25;-205,50;-175,75;29,75;-8,50;17,25;14274,00;13477,00;11610,00;15,10;15,27;15,22;;215,50;205,75;176,50;8,92;5,53;nan;-594,75;38,50;nan;598,05;600,32;NaN;-148,69;9,62;149,51;150,08;1,00;-0,99;-0,99;
2.8.2015 10:15;000,0;256,5;000,0;017,3;000,0;000,0;15117;2003855;10;112483;421;2939;0;0;0;0;0;0;0;;-181,50;-175,50;-150,00;24,25;-7,75;13,50;14238,00;13452,00;11599,00;12,87;13,06;13,00;;183,25;175,75;150,75;7,09;5,27;6,58;-507,25;30,25;18,94;509,75;511,70;57,09;-126,81;7,56;127,44;127,92;1,00;-1,00;-0,99;
2.8.2015 10:30;000,0;200,9;000,0;012,1;000,0;000,0;15117;2003905;10;112486;421;2939;0;0;0;0;0;0;0;;-100,75;-97,00;-83,25;11,50;-5,75;6,00;14237,00;13482,00;11616,00;7,14;7,21;7,20;;101,50;97,25;83,50;4,41;3,94;2,38;-281,25;11,75;10,73;282,52;283,59;32,67;-70,31;2,94;70,63;70,90;1,00;-1,00;-0,99;
2.8.2015 10:45;000,0;132,4;000,0;006,3;000,0;000,0;15117;2003939;10;112488;421;2939;0;0;0;0;0;0;0;;-116,00;-111,25;-95,50;13,75;-6,50;7,50;14221,00;13456,00;11594,00;8,22;8,30;8,28;;116,75;111,50;96,00;nan;3,67;6,28;-323,00;14,75;nan;324,45;325,66;NaN;-80,75;3,69;81,11;81,42;1,00;-1,00;-0,99;
2.8.2015 11:00;000,0;255,8;000,0;017,2;000,0;000,0;15117;2004003;10;112492;421;2939;0;0;0;0;0;0;0;;-241,25;-233,50;-199,00;35,00;-8,50;20,00;14197,00;13444,00;11577,00;17,18;17,38;17,29;;244,00;233,50;200,00;10,46;nan;nan;-674,00;46,50;nan;677,77;680,26;NaN;-168,50;11,62;169,44;170,06;1,00;-0,99;-0,99;
2.8.2015 11:15;000,0;130,3;000,0;006,3;000,0;000,0;15117;2004035;10;112494;421;2939;0;0;0;0;0;0;0;;-101,25;-97,50;-83,75;11,75;-5,75;6,25;14204,00;13420,00;11562,00;7,19;7,29;7,27;;102,00;97,75;84,00;3,79;3,97;1,70;-282,75;12,50;9,46;284,05;285,16;33,48;-70,69;3,12;71,01;71,29;1,00;-1,00;-0,99;
2.8.2015 11:30;000,0;116,6;000,0;005,1;000,0;000,0;15117;2004064;10;112495;421;2939;0;0;0;0;0;0;0;;-97,75;-94,00;-80,75;11,25;-5,50;6,00;14190,00;13421,00;11578,00;6,95;7,02;7,01;;98,50;94,25;81,00;4,54;4,10;2,11;-272,75;11,50;10,75;273,99;275,03;31,62;-68,19;2,88;68,50;68,76;1,00;-1,00;-0,99;
2.8.2015 11:45;000,0;119,8;000,0;005,3;000,0;000,0;15117;2004094;10;112496;421;2939;0;0;0;0;0;0;0;;-122,00;-118,25;-101,25;14,75;-6,25;7,50;14156,00;13422,00;11567,00;8,69;8,83;8,79;;123,00;118,25;101,50;5,24;nan;nan;-341,75;16,25;nan;343,20;344,50;NaN;-85,44;4,06;85,80;86,13;1,00;-1,00;-0,99;
2.8.2015 12:00;000,0;230,1;000,0;014,9;000,0;000,0;15117;2004152;10;112500;421;2939;0;0;0;0;0;0;0;;-252,50;-244,25;-208,25;36,50;-8,00;21,25;14194,00;13463,00;11572,00;17,94;18,14;18,07;;255,00;244,50;209,00;nan;7,63;nan;-705,00;49,75;nan;707,99;710,65;NaN;-176,25;12,44;177,00;177,66;1,00;-1,00;-0,99;
2.8.2015 12:15;000,0;240,0;000,0;015,7;000,0;000,0;15117;2004212;10;112504;421;2939;0;0;0;0;0;0;0;;-255,25;-247,50;-211,25;37,00;-8,25;21,00;14154,00;13457,00;11572,00;18,24;18,41;18,35;;258,00;247,50;212,25;6,51;nan;nan;-714,25;49,75;nan;718,16;720,76;NaN;-178,56;12,44;179,54;180,19;1,00;-0,99;-0,99;
2.8.2015 12:30;000,0;265,8;000,0;018,2;000,0;000,0;15117;2004279;10;112509;421;2939;0;0;0;0;0;0;0;;-241,00;-234,50;-200,00;35,00;-7,50;19,25;14165,00;13466,00;11572,00;17,21;17,43;17,36;;243,75;234,50;200,75;10,40;nan;nan;-675,75;47,00;nan;679,44;681,98;NaN;-168,94;11,75;169,86;170,49;1,00;-0,99;-0,99;
2.8.2015 12:45;000,0;281,0;000,0;019,8;000,0;000,0;15117;2004349;10;112514;421;2939;0;0;0;0;0;0;0;;-247,50;-238,75;-203,75;35,75;-8,50;20,75;14243,00;13471,00;11581,00;17,57;17,74;17,69;;250,00;239,00;204,75;nan;6,87;nan;-690,25;48,00;nan;694,08;696,74;NaN;-172,56;12,00;173,52;174,19;1,00;-0,99;-0,99;
2.8.2015 13:00;000,0;239,8;000,0;015,7;000,0;000,0;15117;2004408;10;112517;421;2939;0;0;0;0;0;0;0;;-128,25;-124,50;-106,50;15,75;-6,25;8,00;14216,00;13483,00;11594,00;9,09;9,26;9,22;;129,25;124,75;106,75;3,07;4,82;nan;-359,50;17,50;nan;361,04;362,46;NaN;-89,88;4,38;90,26;90,62;1,00;-1,00;-0,99;
2.8.2015 13:15;000,0;213,6;000,0;013,1;000,0;000,0;15117;2004462;10;112521;421;2939;0;0;0;0;0;0;0;;-162,75;-157,25;-134,50;21,00;-7,25;11,50;14261,00;13494,00;11612,00;11,52;11,67;11,65;;164,25;157,50;135,25;7,04;5,11;8,37;-454,75;25,25;20,52;456,98;458,76;51,08;-113,69;6,31;114,25;114,69;1,00;-1,00;-0,99;
2.8.2015 13:30;000,0;207,3;000,0;012,3;000,0;000,0;15117;2004514;10;112524;421;2939;0;0;0;0;0;0;0;;-205,50;-199,00;-169,75;28,50;-8,00;15,50;14265,00;13500,00;11625,00;14,55;14,75;14,69;;207,50;199,00;170,50;3,71;nan;3,86;-574,50;36,25;nan;577,43;579,62;NaN;-143,62;9,06;144,36;144,91;1,00;-0,99;-0,99;
2.8.2015 13:45;000,0;218,6;000,0;013,4;000,0;000,0;15117;2004568;10;112527;421;2939;0;0;0;0;0;0;0;;-158,50;-153,25;-131,00;20,25;-7,50;10,75;14295,00;13543,00;11651,00;11,19;11,34;11,30;;159,75;153,50;131,50;nan;4,52;3,96;-443,25;23,50;nan;445,19;446,90;NaN;-110,81;5,88;111,30;111,72;1,00;-1,00;-0,99;
2.8.2015 14:00;000,0;155,7;000,0;008,0;000,0;000,0;15117;2004607;10;112529;421;2939;0;0;0;0;0;0;0;;-103,75;-100,00;-85,75;12,00;-5,75;6,25;14326,00;13515,00;11647,00;7,30;7,43;7,40;;104,50;100,25;86,00;3,49;4,12;1,97;-290,00;12,50;9,58;291,22;292,39;33,79;-72,50;3,12;72,80;73,10;1,00;-1,00;-0,99;
2.8.2015 14:15;000,0;131,8;000,0;006,2;000,0;000,0;15117;2004640;10;112531;421;2939;0;0;0;0;0;0;0;;-110,25;-106,50;-91,25;13,00;-6,00;6,75;14281,00;13512,00;11644,00;7,78;7,91;7,88;;111,00;106,75;91,50;nan;4,16;0,35;-308,25;14,00;nan;309,68;310,88;NaN;-77,06;3,50;77,42;77,72;1,00;-1,00;-0,99;
2.8.2015 14:30;000,0;168,2;000,0;008,9;000,0;000,0;15117;2004683;10;112533;421;2939;0;0;0;0;0;0;0;;-187,25;-181,75;-155,50;25,25;-7,50;13,25;14277,00;13535,00;11661,00;13,26;13,47;13,40;;188,75;182,00;156,00;nan;5,89;nan;-524,75;31,00;nan;527,79;529,77;NaN;-131,19;7,75;131,95;132,44;1,00;-0,99;-0,99;
2.8.2015 14:45;000,0;176,8;000,0;009,8;000,0;000,0;15117;2004726;10;112535;421;2939;0;0;0;0;0;0;0;;-119,75;-116,00;-99,25;14,50;-6,25;7,25;14266,00;13524,00;11654,00;8,46;8,60;8,56;;120,50;116,25;99,75;nan;4,36;6,85;-335,25;15,50;nan;336,75;338,04;NaN;-83,81;3,88;84,19;84,51;1,00;-1,00;-0,99;
2.8.2015 15:00;000,0;138,5;000,0;006,6;000,0;000,0;15117;2004761;10;112537;421;2939;0;0;0;0;0;0;0;;-101,75;-99,00;-84,75;12,00;-5,25;5,75;14278,00;13537,00;11662,00;7,19;7,34;7,30;;102,50;99,25;85,00;3,03;4,69;3,06;-286,00;12,50;10,78;287,22;288,34;32,75;-71,50;3,12;71,81;72,09;1,00;-1,00;-0,99;
2.8.2015 15:15;000,0;104,0;000,0;004,5;000,0;000,0;15117;2004787;10;112538;421;2939;0;0;0;0;0;0;0;;-59,00;-57,75;-49,00;7,25;-2,75;3,25;14314,00;13541,00;11655,00;4,16;4,27;4,24;;59,50;57,75;49,25;2,59;nan;3,74;-166,00;7,75;nan;166,72;167,41;NaN;-41,50;1,94;41,68;41,85;1,00;-1,00;-0,99;
2.8.2015 15:30;000,0;069,5;000,0;003,4;000,0;000,0;15117;2004804;10;112539;421;2939;0;0;0;0;0;0;0;;-46,50;-45,25;-38,50;5,25;-2,50;2,50;14285,00;13483,00;11620,00;3,29;3,37;3,34;;47,00;45,25;38,75;4,38;nan;3,61;-130,50;5,25;nan;131,21;131,74;NaN;-32,62;1,31;32,80;32,94;1,00;-0,99;-0,99;
2.8.2015 15:45;000,0;065,8;000,0;003,1;000,0;000,0;15117;2004821;10;112540;421;2939;0;0;0;0;0;0;0;;-90,50;-87,50;-75,00;11,50;-3,75;6,25;14267,00;13503,00;11635,00;6,41;6,50;6,48;;91,25;87,75;75,25;2,02;5,45;nan;-253,25;14,00;nan;254,54;255,53;NaN;-63,31;3,50;63,64;63,88;1,00;-0,99;-0,99;
2.8.2015 16:00;000,0;091,3;000,0;004,9;000,0;000,0;15117;2004843;10;112541;421;2939;0;0;0;0;0;0;0;;-72,25;-70,25;-60,00;9,00;-3,25;4,50;14255,00;13544,00;11670,00;5,11;5,20;5,17;;72,75;70,25;60,25;nan;nan;3,13;-202,75;10,25;nan;203,61;204,36;NaN;-50,69;2,56;50,90;51,09;1,00;-1,00;-0,99;
2.8.2015 16:15;000,0;071,1;000,0;003,3;000,0;000,0;15117;2004861;10;112542;421;2939;0;0;0;0;0;0;0;;-56,75;-55,00;-47,25;6,75;-3,00;3,25;14238,00;13487,00;11632,00;4,01;4,10;4,08;;57,00;55,25;47,25;nan;4,31;nan;-159,25;7,00;nan;159,89;160,52;NaN;-39,81;1,75;39,97;40,13;1,00;-1,00;-0,99;
2.8.2015 16:30;000,0;046,2;000,0;001,8;000,0;000,0;15117;2004873;10;112542;421;2939;0;0;0;0;0;0;0;;-30,50;-30,25;-25,75;3,25;-1,75;1,25;14250,00;13496,00;11638,00;2,17;2,25;2,23;;30,75;30,25;25,75;2,18;nan;nan;-86,75;3,00;nan;87,31;87,68;NaN;-21,69;0,75;21,83;21,92;1,00;-0,99;-0,99;
2.8.2015 16:45;000,0;023,2;000,0;000,6;000,0;000,0;15117;2004878;10;112542;421;2939;0;0;0;0;0;0;0;;-12,00;-11,75;-10,00;1,00;-0,75;0,00;14286,00;13499,00;11647,00;0,85;0,89;0,88;;12,00;12,00;10,00;nan;2,32;0,00;-34,00;0,00;nan;34,45;34,60;NaN;-8,50;0,00;8,61;8,65;1,00;-0,99;-0,98;
2.8.2015 17:00;000,0;018,5;000,0;000,4;000,0;000,0;15117;2004883;10;112542;421;2939;0;0;0;0;0;0;0;;-24,25;-23,50;-20,25;2,50;-1,50;1,00;14265,00;13499,00;11643,00;1,72;1,76;1,75;;24,50;23,75;20,25;2,44;3,09;nan;-68,25;2,00;nan;68,60;68,88;NaN;-17,06;0,50;17,15;17,22;1,00;-0,99;-0,99;
2.8.2015 17:15;000,0;020,8;000,0;000,5;000,0;000,0;15117;2004888;10;112543;421;2939;0;0;0;0;0;0;0;;-10,50;-11,00;-9,25;1,00;0,00;0,00;14278,00;13524,00;11660,00;0,75;0,83;0,81;;10,50;11,25;9,25;nan;2,36;0,00;-31,00;1,00;nan;31,45;31,65;NaN;-7,75;0,25;7,86;7,91;1,00;-0,99;-0,98;
2.8.2015 17:30;000,1;008,6;000,0;000,2;000,0;000,2;15117;2004890;10;112543;421;2939;0;0;0;0;0;0;0;;1,75;1,00;0,75;-5,25;-4,75;-5,25;14265,00;13521,00;11662,00;0,43;0,39;0,48;;6,00;5,25;5,50;2,32;2,00;1,46;3,75;-15,50;5,78;16,90;17,12;2,33;0,94;-3,88;4,22;4,28;-0,55;0,22;0,22;
2.8.2015 17:45;000,0;015,2;000,0;000,1;000,1;000,1;15117;2004894;10;112543;421;2939;0;0;0;0;0;0;0;;-17,00;-16,75;-14,50;1,25;-1,25;0,00;14289,00;13499,00;11669,00;1,20;1,26;1,25;;17,00;17,00;14,50;nan;2,62;0,00;-48,25;0,00;nan;48,80;49,04;NaN;-12,06;0,00;12,20;12,26;1,00;-0,99;-0,98;
2.8.2015 18:00;000,0;022,4;000,0;000,2;000,0;000,0;15117;2004900;10;112543;421;2939;0;0;0;0;0;0;0;;-23,75;-23,50;-20,00;2,00;-1,50;0,00;14255,00;13505,00;11683,00;1,68;1,76;1,74;;24,00;23,50;20,25;2,82;nan;3,17;-67,50;0,50;nan;67,99;68,28;NaN;-16,88;0,12;17,00;17,07;1,00;-0,99;-0,99;
2.8.2015 18:15;000,0;033,1;000,0;000,6;000,0;000,0;15117;2004908;10;112543;421;2939;0;0;0;0;0;0;0;;-31,75;-31,50;-27,00;3,00;-1,75;1,00;14195,00;13434,00;11611,00;2,26;2,36;2,34;;32,00;31,50;27,00;2,63;nan;nan;-90,25;2,00;nan;90,82;91,23;NaN;-22,56;0,50;22,71;22,81;1,00;-0,99;-0,99;
2.8.2015 18:30;000,0;041,5;000,0;001,1;000,0;000,0;15117;2004918;10;112543;421;2939;0;0;0;0;0;0;0;;-34,50;-33,75;-29,00;3,25;-2,25;1,25;14340,00;13553,00;11724,00;2,44;2,51;2,50;;34,75;34,00;29,25;2,60;3,45;3,61;-97,50;2,25;9,65;98,32;98,73;11,95;-24,38;0,56;24,58;24,68;1,00;-0,99;-0,99;
2.8.2015 18:45;000,0;045,9;000,0;001,2;000,0;000,0;15117;2004930;10;112543;421;2939;0;0;0;0;0;0;0;;-43,50;-42,25;-36,25;4,25;-2,75;1,75;14325,00;13561,00;11719,00;3,06;3,13;3,12;;43,75;42,50;36,50;1,94;3,69;3,89;-122,25;3,25;9,52;122,85;123,34;12,86;-30,56;0,81;30,71;30,83;1,00;-1,00;-0,99;
2.8.2015 19:00;000,0;041,0;000,0;001,0;000,0;000,0;15117;2004940;10;112544;421;2939;0;0;0;0;0;0;0;;-32,25;-31,50;-27,00;3,00;-2,25;1,00;14328,00;13602,00;11742,00;2,27;2,34;2,33;;32,50;31,75;27,25;2,68;3,28;3,54;-91,00;2,00;9,50;91,72;92,09;10,28;-22,75;0,50;22,93;23,02;1,00;-0,99;-0,99;
2.8.2015 19:15;000,0;031,8;000,0;000,6;000,0;000,0;15117;2004948;10;112544;421;2939;0;0;0;0;0;0;0;;-23,25;-23,50;-20,00;2,25;-1,25;0,00;14327,00;13606,00;11740,00;1,64;1,74;1,72;;23,25;23,50;20,00;nan;nan;0,00;-66,75;0,75;nan;67,36;67,70;NaN;-16,69;0,19;16,84;16,92;1,00;-0,99;-0,99;
2.8.2015 19:30;000,0;023,0;000,0;000,2;000,0;000,0;15117;2004954;10;112544;421;2939;0;0;0;0;0;0;0;;-17,25;-17,00;-14,75;1,25;-1,25;0,00;14335,00;13542,00;11708,00;1,22;1,28;1,27;;17,25;17,25;14,75;nan;2,65;0,00;-49,25;0,00;nan;49,65;49,90;NaN;-12,31;0,00;12,41;12,47;1,00;-0,99;-0,99;
2.8.2015 19:45;000,0;015,6;000,0;000,1;000,1;000,0;15117;2004958;10;112544;421;2939;0;0;0;0;0;0;0;;-8,25;-9,25;-7,75;0,00;0,00;0,00;14346,00;13554,00;11713,00;0,60;0,71;0,68;;8,50;9,50;8,00;2,05;2,17;1,98;-25,50;0,00;6,20;26,18;26,44;3,19;-6,38;0,00;6,55;6,61;1,00;-0,97;-0,96;
2.8.2015 20:00;000,0;006,3;000,0;000,0;000,1;000,0;15117;2004959;10;112544;421;2939;0;0;0;0;0;0;0;;-2,25;-3,25;-2,50;0,00;0,00;0,00;14344,00;13545,00;11706,00;0,21;0,27;0,26;;3,00;3,50;3,00;1,98;1,30;1,66;-8,25;0,00;4,94;9,74;9,90;2,34;-2,06;0,00;2,43;2,47;1,00;-0,85;-0,83;
2.8.2015 20:15;000,4;001,1;000,0;000,0;000,1;000,1;15117;2004959;10;112544;421;2939;0;0;0;0;0;0;0;;2,00;0,00;1,00;0,00;0,00;-0,75;14281,00;13542,00;11703,00;0,16;0,04;0,12;;2,00;0,00;1,25;0,00;0,00;0,00;3,00;-0,75;0,00;4,23;4,61;3,41;0,75;-0,19;1,06;1,15;0,97;0,71;0,65;
2.8.2015 20:30;000,8;000,0;000,0;000,0;000,0;000,1;15117;2004959;10;112544;421;2939;0;0;0;0;0;0;0;;1,00;0,00;0,50;0,00;0,00;0,00;14277,00;13530,00;11692,00;0,07;0,03;0,08;;1,00;0,00;0,75;0,00;0,00;0,56;1,50;0,00;0,56;2,38;2,54;1,97;0,38;0,00;0,60;0,63;1,00;0,63;0,59;
2.8.2015 20:45;000,7;000,0;000,0;000,0;000,0;000,1;15117;2004959;10;112544;421;2939;0;0;0;0;0;0;0;;1,00;0,00;0,50;0,00;0,00;0,00;14262,00;13488,00;11668,00;0,07;0,03;0,08;;1,00;0,00;0,75;0,00;0,00;0,56;1,50;0,00;0,56;2,38;2,53;1,97;0,38;0,00;0,59;0,63;1,00;0,63;0,59;
2.8.2015 21:00;000,8;000,0;000,0;000,0;000,0;000,0;15117;2004959;10;112544;421;2939;0;0;0;0;0;0;0;;0,75;0,00;0,50;0,00;0,00;0,00;14281,00;13518,00;11697,00;0,07;0,03;0,08;;1,00;0,00;0,75;0,66;0,00;0,56;1,50;0,00;1,22;2,38;2,54;1,65;0,38;0,00;0,60;0,63;1,00;0,63;0,59;
2.8.2015 21:15;000,7;000,0;000,0;000,0;000,0;000,1;15118;2004959;10;112544;421;2940;0;0;0;0;0;0;0;;1,00;0,00;0,50;0,00;0,00;0,00;14274,00;13548,00;11716,00;0,07;0,03;0,08;;1,00;0,00;0,75;0,00;0,00;0,56;1,50;0,00;0,56;2,38;2,54;1,97;0,38;0,00;0,60;0,64;1,00;0,63;0,59;
2.8.2015 21:30;000,7;000,0;000,0;000,0;000,0;000,0;15118;2004959;10;112544;421;2940;0;0;0;0;0;0;0;;1,00;0,00;0,50;0,00;0,00;0,00;14264,00;13566,00;11729,00;0,07;0,03;0,08;;1,00;0,00;0,75;0,00;0,00;0,56;1,50;0,00;0,56;2,38;2,54;1,98;0,38;0,00;0,60;0,64;1,00;0,63;0,59;
2.8.2015 21:45;000,8;000,0;000,0;000,0;000,0;000,1;15118;2004959;10;112544;421;2940;0;0;0;0;0;0;0;;1,00;0,00;0,50;0,00;0,00;0,00;14320,00;13569,00;11744,00;0,07;0,03;0,08;;1,00;0,00;0,75;0,00;0,00;0,56;1,50;0,00;0,56;2,39;2,55;1,98;0,38;0,00;0,60;0,64;1,00;0,63;0,59;
2.8.2015 22:00;000,7;000,0;000,0;000,0;000,0;000,0;15118;2004959;10;112544;421;2940;0;0;0;0;0;0;0;;1,00;0,00;0,50;0,00;0,00;0,00;14308,00;13533,00;11710,00;0,07;0,03;0,08;;1,00;0,00;0,75;0,00;0,00;0,56;1,50;0,00;0,56;2,38;2,54;1,98;0,38;0,00;0,60;0,64;1,00;0,63;0,59;
2.8.2015 22:15;000,7;000,0;000,0;000,0;000,0;000,0;15118;2004959;10;112544;421;2940;0;0;0;0;0;0;0;;0,75;0,00;0,50;0,00;0,00;0,00;14271,00;13559,00;11733,00;0,07;0,03;0,08;;1,00;0,00;0,75;0,66;0,00;0,56;1,50;0,00;1,22;2,38;2,54;1,65;0,38;0,00;0,60;0,64;1,00;0,63;0,59;
2.8.2015 22:30;000,7;000,0;000,0;000,0;000,0;000,0;15118;2004959;10;112544;421;2940;0;0;0;0;0;0;0;;0,75;0,00;0,50;0,00;0,00;0,00;14273,00;13581,00;11743,00;0,07;0,03;0,08;;1,00;0,00;0,75;0,66;0,00;0,56;1,50;0,00;1,22;2,39;2,55;1,66;0,38;0,00;0,60;0,64;1,00;0,63;0,59;
2.8.2015 22:45;000,7;000,0;000,0;000,0;000,0;000,1;15119;2004959;10;112544;421;2940;0;0;0;0;0;0;0;;1,00;0,00;0,50;0,00;0,00;0,00;14318,00;13566,00;11749,00;0,07;0,03;0,08;;1,00;0,00;0,75;0,00;0,00;0,56;1,50;0,00;0,56;2,39;2,55;1,98;0,38;0,00;0,60;0,64;1,00;0,63;0,59;
2.8.2015 23:00;000,7;000,0;000,0;000,0;000,0;000,0;15119;2004959;10;112544;421;2940;0;0;0;0;0;0;0;;1,00;0,00;0,50;0,00;0,00;0,00;14286,00;13577,00;11751,00;0,07;0,03;0,08;;1,00;0,00;0,75;0,00;0,00;0,56;1,50;0,00;0,56;2,39;2,55;1,98;0,38;0,00;0,60;0,64;1,00;0,63;0,59;
2.8.2015 23:15;000,7;000,0;000,0;000,0;000,0;000,0;15119;2004959;10;112544;421;2940;0;0;0;0;0;0;0;;1,00;0,00;0,50;0,00;0,00;0,00;14284,00;13597,00;11755,00;0,07;0,03;0,08;;1,00;0,00;0,75;0,00;0,00;0,56;1,50;0,00;0,56;2,39;2,55;1,98;0,38;0,00;0,60;0,64;1,00;0,63;0,59;
2.8.2015 23:30;000,7;000,0;000,0;000,0;000,0;000,0;15119;2004959;10;112544;421;2940;0;0;0;0;0;0;0;;1,00;0,00;0,50;0,00;0,00;0,00;14265,00;13592,00;11758,00;0,07;0,03;0,08;;1,00;0,00;0,75;0,00;0,00;0,56;1,50;0,00;0,56;2,39;2,55;1,98;0,38;0,00;0,60;0,64;1,00;0,63;0,59;
2.8.2015 23:45;000,7;000,0;000,0;000,0;000,0;000,0;15119;2004959;10;112544;421;2940;0;0;0;0;0;0;0;;1,00;0,00;0,50;0,00;0,00;0,00;14261,00;13590,00;11756,00;0,07;0,03;0,08;;1,00;0,00;0,75;0,00;0,00;0,56;1,50;0,00;0,56;2,39;2,55;1,98;0,38;0,00;0,60;0,64;1,00;0,63;0,59;
3.8.2015 00:00;000,7;000,0;000,0;000,0;000,0;000,0;15120;2004959;10;112544;421;2940;0;0;0;0;0;0;0;;1,00;0,00;0,50;0,00;0,00;0,00;14299,00;13600,00;11772,00;0,07;0,03;0,08;;1,00;0,00;0,75;0,00;0,00;0,56;1,50;0,00;0,56;2,39;2,55;1,99;0,38;0,00;0,60;0,64;1,00;0,63;0,59;
3.8.2015 00:15;000,7;000,0;000,0;000,0;000,0;000,0;15120;2004959;10;112544;421;2940;0;0;0;0;0;0;0;;1,00;0,00;0,50;0,00;0,00;0,00;14298,00;13577,00;11759,00;0,07;0,03;0,08;;1,00;0,00;0,75;0,00;0,00;0,56;1,50;0,00;0,56;2,39;2,55;1,98;0,38;0,00;0,60;0,64;1,00;0,63;0,59;
3.8.2015 00:30;000,7;000,0;000,0;000,0;000,0;000,0;15120;2004959;10;112544;421;2940;0;0;0;0;0;0;0;;1,00;0,00;0,50;0,00;0,00;0,00;14267,00;13639,00;11801,00;0,07;0,03;0,08;;1,00;0,00;0,75;0,00;0,00;0,56;1,75;0,00;0,56;2,42;2,59;1,83;0,44;0,00;0,61;0,65;1,00;0,72;0,67;
3.8.2015 00:45;000,7;000,0;000,0;000,0;000,0;000,0;15120;2004959;10;112544;421;2940;0;0;0;0;0;0;0;;1,00;0,00;0,50;0,00;0,00;0,00;14252,00;13616,00;11776,00;0,07;0,03;0,08;;1,00;0,00;0,75;0,00;0,00;0,56;1,50;0,00;0,56;2,42;2,59;2,03;0,38;0,00;0,60;0,65;1,00;0,62;0,58;
3.8.2015 01:00;000,7;000,0;000,0;000,0;000,0;000,0;15120;2004959;10;112544;421;2940;0;0;0;0;0;0;0;;1,00;0,00;0,50;0,00;0,00;0,00;14296,00;13641,00;11801,00;0,07;0,03;0,08;;1,00;0,00;0,75;0,00;0,00;0,56;1,75;0,00;0,56;2,42;2,59;1,83;0,44;0,00;0,61;0,65;1,00;0,72;0,67;
3.8.2015 01:15;000,7;000,0;000,0;000,0;000,0;000,0;15120;2004959;10;112544;421;2940;0;0;0;0;0;0;0;;1,00;0,00;0,50;0,00;0,00;0,00;14300,00;13647,00;11807,00;0,07;0,03;0,08;;1,00;0,00;0,75;0,00;0,00;0,56;1,75;0,00;0,56;2,42;2,60;1,83;0,44;0,00;0,61;0,65;1,00;0,72;0,67;
3.8.2015 01:30;000,7;000,0;000,0;000,0;000,0;000,0;15121;2004959;10;112544;421;2940;0;0;0;0;0;0;0;;1,00;0,00;0,50;0,00;0,00;0,00;14327,00;13661,00;11818,00;0,07;0,03;0,08;;1,00;0,00;0,75;0,00;0,00;0,56;1,75;0,00;0,56;2,43;2,60;1,84;0,44;0,00;0,61;0,65;1,00;0,72;0,67;
3.8.2015 01:45;000,7;000,0;000,0;000,0;000,0;000,0;15121;2004959;10;112544;421;2940;0;0;0;0;0;0;0;;1,00;0,00;0,50;0,00;0,00;0,00;14319,00;13648,00;11808,00;0,07;0,03;0,08;;1,00;0,00;0,75;0,00;0,00;0,56;1,50;0,00;0,56;2,40;2,56;1,99;0,38;0,00;0,60;0,64;1,00;0,63;0,59;
3.8.2015 02:00;000,7;000,0;000,0;000,0;000,0;000,0;15121;2004959;10;112544;421;2940;0;0;0;0;0;0;0;;1,00;0,00;0,50;0,00;0,00;0,00;14345,00;13663,00;11828,00;0,07;0,03;0,08;;1,00;0,00;0,75;0,00;0,00;0,56;1,75;0,00;0,56;2,43;2,60;1,84;0,44;0,00;0,61;0,65;1,00;0,72;0,67;
3.8.2015 02:15;000,7;000,0;000,0;000,0;000,0;000,0;15121;2004959;10;112544;421;2940;0;0;0;0;0;0;0;;1,00;0,00;0,50;0,00;0,00;0,00;14340,00;13640,00;11819,00;0,07;0,03;0,08;;1,00;0,00;0,75;0,00;0,00;0,56;1,75;0,00;0,56;2,43;2,60;1,84;0,44;0,00;0,61;0,65;1,00;0,72;0,67;
3.8.2015 02:30;000,7;000,0;000,0;000,0;000,0;000,0;15121;2004959;10;112544;421;2940;0;0;0;0;0;0;0;;1,00;0,00;0,50;0,00;0,00;0,00;14340,00;13652,00;11816,00;0,07;0,03;0,08;;1,00;0,00;0,75;0,00;0,00;0,56;1,50;0,00;0,56;2,40;2,56;2,00;0,38;0,00;0,60;0,64;1,00;0,63;0,59;
3.8.2015 02:45;000,7;000,0;000,0;000,0;000,0;000,0;15121;2004959;10;112544;421;2940;0;0;0;0;0;0;0;;1,00;0,00;0,50;0,00;0,00;0,00;14331,00;13644,00;11817,00;0,07;0,03;0,08;;1,00;0,00;0,75;0,00;0,00;0,56;1,75;0,00;0,56;2,43;2,60;1,84;0,44;0,00;0,61;0,65;1,00;0,72;0,67;
3.8.2015 03:00;000,7;000,0;000,0;000,0;000,0;000,0;15122;2004959;10;112544;421;2940;0;0;0;0;0;0;0;;1,00;0,00;0,50;0,00;0,00;0,00;14353,00;13641,00;11808,00;0,07;0,03;0,08;;1,00;0,00;0,75;0,00;0,00;0,56;1,75;0,00;0,56;2,43;2,60;1,84;0,44;0,00;0,61;0,65;1,00;0,72;0,67;
3.8.2015 03:15;000,7;000,0;000,0;000,0;000,0;000,0;15122;2004959;10;112544;421;2940;0;0;0;0;0;0;0;;1,00;0,00;0,50;0,00;0,00;0,00;14355,00;13648,00;11811,00;0,07;0,03;0,08;;1,00;0,00;0,75;0,00;0,00;0,56;1,75;0,00;0,56;2,43;2,60;1,84;0,44;0,00;0,61;0,65;1,00;0,72;0,67;
3.8.2015 03:30;000,7;000,0;000,0;000,0;000,0;000,0;15122;2004959;10;112544;421;2940;0;0;0;0;0;0;0;;1,00;0,00;0,50;0,00;0,00;0,00;14369,00;13644,00;11808,00;0,07;0,03;0,08;;1,00;0,00;0,75;0,00;0,00;0,56;1,75;0,00;0,56;2,43;2,60;1,84;0,44;0,00;0,61;0,65;1,00;0,72;0,67;
3.8.2015 03:45;000,7;000,0;000,0;000,0;000,0;000,0;15122;2004959;10;112544;421;2940;0;0;0;0;0;0;0;;1,00;0,00;0,50;0,00;0,00;0,00;14342,00;13634,00;11802,00;0,07;0,03;0,08;;1,00;0,00;0,75;0,00;0,00;0,56;1,75;0,00;0,56;2,43;2,60;1,84;0,44;0,00;0,61;0,65;1,00;0,72;0,67;
3.8.2015 04:00;000,7;000,0;000,0;000,0;000,0;000,0;15122;2004959;10;112544;421;2940;0;0;0;0;0;0;0;;1,00;0,00;0,50;0,00;0,00;0,00;14356,00;13639,00;11792,00;0,07;0,03;0,08;;1,00;0,00;0,75;0,00;0,00;0,56;1,75;0,00;0,56;2,43;2,60;1,84;0,44;0,00;0,61;0,65;1,00;0,72;0,67;
3.8.2015 04:15;000,7;000,0;000,0;000,0;000,0;000,0;15123;2004959;10;112544;421;2940;0;0;0;0;0;0;0;;1,00;0,00;0,50;0,00;0,00;0,00;14337,00;13645,00;11814,00;0,07;0,03;0,08;;1,00;0,00;0,75;0,00;0,00;0,56;1,75;0,00;0,56;2,43;2,60;1,84;0,44;0,00;0,61;0,65;1,00;0,72;0,67;
3.8.2015 04:30;000,7;000,0;000,0;000,0;000,0;000,0;15123;2004959;10;112544;421;2940;0;0;0;0;0;0;0;;1,00;0,00;0,50;0,00;0,00;0,00;14337,00;13624,00;11797,00;0,07;0,03;0,08;;1,00;0,00;0,75;0,00;0,00;0,56;1,75;0,00;0,56;2,43;2,60;1,83;0,44;0,00;0,61;0,65;1,00;0,72;0,67;
3.8.2015 04:45;000,7;000,0;000,0;000,0;000,0;000,0;15123;2004959;10;112544;421;2940;0;0;0;0;0;0;0;;1,00;0,00;0,50;0,00;0,00;0,00;14320,00;13636,00;11816,00;0,07;0,03;0,08;;1,00;0,00;0,75;0,00;0,00;0,56;1,50;0,00;0,56;2,43;2,60;2,05;0,38;0,00;0,61;0,65;1,00;0,62;0,58;
3.8.2015 05:00;000,7;000,0;000,0;000,0;000,0;000,0;15123;2004959;10;112544;421;2940;0;0;0;0;0;0;0;;1,00;0,00;0,50;0,00;0,00;0,00;14264,00;13662,00;11839,00;0,07;0,03;0,08;;1,00;0,00;0,75;0,00;0,00;0,56;1,75;0,00;0,56;2,43;2,60;1,83;0,44;0,00;0,61;0,65;1,00;0,72;0,67;
3.8.2015 05:15;000,7;000,0;000,0;000,0;000,0;000,0;15123;2004959;10;112544;421;2940;0;0;0;0;0;0;0;;1,00;0,00;0,50;0,00;0,00;0,00;14299,00;13642,00;11824,00;0,07;0,03;0,08;;1,00;0,00;0,75;0,00;0,00;0,56;1,50;0,00;0,56;2,43;2,60;2,04;0,38;0,00;0,61;0,65;1,00;0,62;0,58;
3.8.2015 05:30;000,7;000,0;000,0;000,0;000,0;000,0;15123;2004959;10;112544;421;2940;0;0;0;0;0;0;0;;1,00;0,00;0,50;0,00;0,00;0,00;14295,00;13594,00;11789,00;0,07;0,03;0,08;;1,00;0,00;0,75;0,00;0,00;0,56;1,50;0,00;0,56;2,42;2,59;2,04;0,38;0,00;0,61;0,65;1,00;0,62;0,58;
3.8.2015 05:45;000,7;000,0;000,0;000,0;000,0;000,0;15124;2004959;10;112544;421;2940;0;0;0;0;0;0;0;;1,00;0,00;0,50;0,00;0,00;0,00;14260,00;13579,00;11774,00;0,07;0,03;0,08;;1,00;0,00;0,75;0,00;0,00;0,56;1,50;0,00;0,56;2,42;2,59;2,03;0,38;0,00;0,60;0,65;1,00;0,62;0,58;
3.8.2015 06:00;000,6;000,8;000,0;000,0;000,1;000,1;15124;2004960;10;112544;421;2940;0;0;0;0;0;0;0;;-4,75;-5,25;-4,25;0,00;0,00;0,00;14190,00;13540,00;11735,00;0,34;0,40;0,38;;4,75;5,25;4,25;0,00;0,00;0,00;-14,50;0,00;0,00;14,80;14,91;3,46;-3,62;0,00;3,70;3,73;1,00;-0,98;-0,97;
3.8.2015 06:15;000,0;005,2;000,0;000,0;000,0;000,0;15124;2004961;10;112544;421;2940;0;0;0;0;0;0;0;;-2,25;-3,00;-2,25;0,00;0,00;0,00;14106,00;13477,00;11677,00;0,20;0,23;0,23;;2,75;3,00;2,50;1,58;0,00;1,09;-7,75;0,00;2,67;8,54;8,62;2,68;-1,94;0,00;2,14;2,16;1,00;-0,91;-0,90;
3.8.2015 06:30;000,0;002,8;000,0;000,0;000,0;000,0;15124;2004962;10;112544;421;2940;0;0;0;0;0;0;0;;-2,25;-2,75;-2,25;0,00;0,00;0,00;14173,00;13471,00;11719,00;0,18;0,22;0,21;;2,50;2,75;2,25;1,09;0,00;0,00;-7,25;0,00;1,09;7,98;8,06;3,34;-1,81;0,00;1,99;2,01;1,00;-0,91;-0,90;
3.8.2015 06:45;000,0;003,9;000,0;000,0;000,0;000,0;15124;2004963;10;112544;421;2940;0;0;0;0;0;0;0;;-4,25;-4,50;-3,75;0,00;0,00;0,00;14093,00;13433,00;11727,00;0,32;0,36;0,35;;4,50;4,75;4,00;1,48;1,52;1,39;-12,75;0,00;4,39;13,51;13,60;1,77;-3,19;0,00;3,38;3,40;1,00;-0,94;-0,94;
3.8.2015 07:00;000,0;006,5;000,0;000,0;000,0;000,0;15124;2004964;10;112544;421;2940;0;0;0;0;0;0;0;;-5,75;-6,25;-5,25;0,00;0,00;0,00;14063,00;13393,00;11738,00;0,44;0,48;0,47;;6,00;6,25;5,50;1,71;0,00;1,64;-17,50;0,00;3,35;18,16;18,26;3,99;-4,38;0,00;4,54;4,56;1,00;-0,96;-0,96;
3.8.2015 07:15;000,0;007,5;000,0;000,0;000,0;000,0;15124;2004966;10;112544;421;2940;0;0;0;0;0;0;0;;-6,75;-7,00;-6,00;0,00;0,00;0,00;14009,00;13276,00;11700,00;0,50;0,55;0,54;;7,00;7,25;6,25;1,85;1,89;1,75;-20,00;0,00;5,49;20,53;20,64;NaN;-5,00;0,00;5,13;5,16;1,00;-0,97;-0,97;
3.8.2015 07:30;000,0;011,5;000,0;000,0;000,0;000,0;15124;2004969;10;112544;421;2940;0;0;0;0;0;0;0;;-12,25;-12,50;-10,50;1,00;-0,75;0,00;14189,00;13464,00;11738,00;0,88;0,94;0,92;;12,50;12,50;10,75;2,28;nan;2,30;-35,50;0,00;nan;35,92;36,06;NaN;-8,88;0,00;8,98;9,02;1,00;-0,99;-0,98;
3.8.2015 07:45;000,0;014,6;000,0;000,1;000,0;000,0;15124;2004973;10;112544;421;2940;0;0;0;0;0;0;0;;-12,50;-12,50;-10,75;1,00;-0,75;0,00;14213,00;13455,00;11734,00;0,89;0,94;0,93;;12,50;12,50;10,75;nan;nan;0,00;-36,00;0,00;nan;36,25;36,41;NaN;-9,00;0,00;9,06;9,10;1,00;-0,99;-0,99;
3.8.2015 08:00;000,0;012,7;000,0;000,1;000,0;000,0;15124;2004976;10;112544;421;2940;0;0;0;0;0;0;0;;-10,25;-10,50;-9,00;0,00;0,00;0,00;14285,00;13619,00;11875,00;0,74;0,79;0,77;;10,50;10,50;9,00;2,28;0,00;0,00;-30,00;0,00;2,28;30,44;30,56;5,37;-7,50;0,00;7,61;7,64;1,00;-0,99;-0,98;
3.8.2015 08:15;000,0;009,9;000,0;000,0;000,0;000,0;15124;2004978;10;112544;421;2940;0;0;0;0;0;0;0;;-6,50;-6,50;-5,75;0,00;0,00;0,00;14234,00;13512,00;11898,00;0,47;0,50;0,50;;6,50;6,50;5,75;0,00;0,00;0,00;-18,75;0,00;0,00;19,23;19,32;4,67;-4,69;0,00;4,81;4,83;1,00;-0,98;-0,97;
3.8.2015 08:30;000,0;008,3;000,0;000,0;000,0;000,0;15124;2004980;10;112544;421;2940;0;0;0;0;0;0;0;;-8,50;-8,50;-7,50;0,00;0,00;0,00;14188,00;13409,00;12064,00;0,61;0,65;0,64;;8,50;8,50;7,75;0,00;0,00;1,95;-24,75;0,00;1,95;25,12;25,21;4,40;-6,19;0,00;6,28;6,30;1,00;-0,99;-0,98;
3.8.2015 08:45;000,0;014,4;000,0;000,1;000,0;000,0;15124;2004984;10;112544;421;2940;0;0;0;0;0;0;0;;-15,00;-14,75;-13,25;1,00;-0,75;0,00;14205,00;13384,00;12040,00;1,07;1,12;1,11;;15,00;14,75;13,25;nan;nan;0,00;-43,25;0,00;nan;43,46;43,60;NaN;-10,81;0,00;10,87;10,90;1,00;-1,00;-0,99;
3.8.2015 09:00;000,0;016,9;000,0;000,2;000,0;000,0;15124;2004988;10;112544;421;2940;0;0;0;0;0;0;0;;-15,25;-14,75;-13,25;1,00;-0,75;0,00;14223,00;13414,00;12037,00;1,08;1,12;1,11;;15,25;14,75;13,25;nan;nan;0,00;-43,50;0,00;nan;43,74;43,88;NaN;-10,88;0,00;10,94;10,97;1,00;-0,99;-0,99;
3.8.2015 09:15;000,0;019,9;000,0;000,2;000,0;000,0;15124;2004993;10;112544;421;2940;0;0;0;0;0;0;0;;-19,25;-19,00;-16,75;1,50;-1,00;0,00;14242,00;13519,00;11973,00;1,37;1,41;1,40;;19,25;19,00;16,75;nan;nan;0,00;-55,00;0,50;nan;55,36;55,54;NaN;-13,75;0,12;13,84;13,89;1,00;-0,99;-0,99;
3.8.2015 09:30;000,0;023,9;000,0;000,6;000,0;000,0;15124;2004999;10;112544;421;2940;0;0;0;0;0;0;0;;-22,75;-22,25;-19,50;1,75;-1,25;0,75;14255,00;13494,00;11942,00;1,62;1,66;1,65;;23,00;22,25;19,75;2,89;nan;3,04;-64,75;1,50;nan;65,19;65,40;NaN;-16,19;0,38;16,30;16,35;1,00;-0,99;-0,99;
3.8.2015 09:45;000,0;030,5;000,0;000,8;000,0;000,0;15124;2005007;10;112544;421;2940;0;0;0;0;0;0;0;;-31,50;-30,50;-27,00;2,75;-1,50;1,50;14224,00;13448,00;11927,00;2,24;2,28;2,28;;31,75;30,50;27,00;2,87;nan;nan;-89,25;2,75;nan;89,72;90,00;NaN;-22,31;0,69;22,43;22,50;1,00;-0,99;-0,99;
3.8.2015 10:00;000,0;034,2;000,0;001,1;000,0;000,0;15124;2005015;10;112545;421;2940;0;0;0;0;0;0;0;;-25,50;-24,75;-21,75;2,00;-1,25;1,00;14250,00;13513,00;11930,00;1,80;1,84;1,83;;25,50;24,75;21,75;nan;nan;nan;-72,00;1,75;nan;72,38;72,60;NaN;-18,00;0,44;18,09;18,15;1,00;-0,99;-0,99;
3.8.2015 10:15;000,0;033,9;000,0;001,1;000,0;000,0;15124;2005024;10;112545;421;2940;0;0;0;0;0;0;0;;-38,25;-37,00;-32,50;3,50;-2,00;2,00;14292,00;13502,00;11945,00;2,69;2,75;2,73;;38,50;37,00;32,50;2,63;nan;nan;-107,75;3,50;nan;108,25;108,59;NaN;-26,94;0,88;27,06;27,15;1,00;-1,00;-0,99;
3.8.2015 10:30;000,0;048,7;000,0;001,8;000,0;000,0;15124;2005036;10;112545;421;2940;0;0;0;0;0;0;0;;-44,00;-42,50;-37,25;4,50;-2,25;2,25;14296,00;13555,00;11906,00;3,10;3,16;3,14;;44,25;42,75;37,25;1,35;4,03;nan;-124,00;4,50;nan;124,53;124,93;NaN;-31,00;1,12;31,13;31,23;1,00;-1,00;-0,99;
3.8.2015 10:45;000,0;044,6;000,0;001,6;000,0;000,0;15124;2005047;10;112546;421;2940;0;0;0;0;0;0;0;;-36,75;-35,75;-31,00;3,50;-2,00;1,75;14299,00;13575,00;11883,00;2,59;2,65;2,63;;37,00;35,75;31,25;2,49;nan;3,54;-104,00;3,25;nan;104,29;104,64;NaN;-26,00;0,81;26,07;26,16;1,00;-1,00;-0,99;
3.8.2015 11:00;000,0;043,1;000,0;001,5;000,0;000,0;15124;2005058;10;112546;421;2940;0;0;0;0;0;0;0;;-43,00;-41,75;-36,25;4,50;-2,25;2,25;14308,00;13565,00;11869,00;3,03;3,09;3,07;;43,25;41,75;36,25;1,15;nan;nan;-121,25;4,50;nan;121,67;122,08;NaN;-30,31;1,12;30,42;30,52;1,00;-1,00;-0,99;
3.8.2015 11:15;000,0;059,3;000,0;002,5;000,0;000,0;15124;2005073;10;112547;421;2940;0;0;0;0;0;0;0;;-60,25;-58,25;-50,50;6,50;-2,75;3,50;14304,00;13539,00;11852,00;4,24;4,32;4,29;;60,50;58,25;50,75;nan;nan;3,61;-169,25;7,50;nan;170,01;170,57;NaN;-42,31;1,88;42,50;42,64;1,00;-1,00;-0,99;
3.8.2015 11:30;000,0;050,3;000,0;001,7;000,0;000,3;15124;2005085;10;112547;421;2940;0;0;0;0;0;0;0;;-59,75;-57,75;-50,25;6,00;-3,25;3,25;14305,00;13560,00;11855,00;4,22;4,27;4,26;;60,25;57,75;50,50;4,90;nan;3,82;-168,00;5,75;nan;168,73;169,29;NaN;-42,00;1,44;42,18;42,32;1,00;-1,00;-0,99;
3.8.2015 11:45;000,0;075,4;000,0;002,8;000,0;000,0;15124;2005104;10;112548;421;2940;0;0;0;0;0;0;0;;-75,75;-73,00;-63,75;7,75;-4,00;4,25;14256,00;13514,00;11820,00;5,36;5,43;5,42;;76,25;73,25;64,00;3,99;4,53;3,72;-213,00;8,00;12,25;213,82;214,53;20,93;-53,25;2,00;53,45;53,63;1,00;-1,00;-0,99;
3.8.2015 12:00;000,0;100,3;000,0;004,1;000,0;000,0;15124;2005130;10;112549;421;2940;0;0;0;0;0;0;0;;-108,50;-104,75;-91,25;11,75;-5,00;6,50;14207,00;13507,00;11794,00;7,69;7,77;7,77;;109,25;105,00;91,50;5,02;5,24;1,85;-304,75;13,50;12,12;305,90;306,90;31,38;-76,19;3,38;76,48;76,72;1,00;-1,00;-0,99;
3.8.2015 12:15;000,0;171,6;000,0;009,6;000,0;000,0;15124;2005173;10;112551;421;2940;0;0;0;0;0;0;0;;-226,75;-219,75;-189,50;31,00;-6,50;18,50;14256,00;13543,00;11769,00;16,07;16,25;16,20;;229,00;220,00;190,50;8,03;8,23;6,14;-636,25;42,75;22,40;639,78;641,93;70,21;-159,06;10,69;159,95;160,48;1,00;-0,99;-0,99;
3.8.2015 12:30;000,0;347,6;000,0;026,7;000,0;000,0;15124;2005261;10;112558;421;2940;0;0;0;0;0;0;0;;-322,50;-312,50;-268,75;47,50;-7,50;29,00;14281,00;13555,00;11759,00;22,84;23,09;23,01;;326,00;312,75;270,50;3,67;10,00;10,13;-904,00;69,00;23,81;909,60;912,70;102,36;-226,00;17,25;227,40;228,17;1,00;-0,99;-0,99;
3.8.2015 12:45;000,0;247,4;000,0;016,5;000,0;000,0;15124;2005322;10;112562;421;2940;0;0;0;0;0;0;0;;-152,50;-147,00;-126,75;19,00;-6,75;11,00;14272,00;13490,00;11724,00;10,79;10,92;10,88;;153,75;147,25;127,50;4,67;5,29;8,35;-426,75;23,25;18,31;428,80;430,29;46,48;-106,69;5,81;107,20;107,57;1,00;-1,00;-0,99;
3.8.2015 13:00;000,0;172,7;000,0;009,4;000,0;000,0;15124;2005365;10;112565;421;2940;0;0;0;0;0;0;0;;-174,00;-167,00;-144,25;22,25;-7,50;13,25;14278,00;13494,00;11714,00;12,30;12,41;12,38;;175,50;167,25;145,00;5,40;5,23;6,43;-485,50;28,00;17,06;487,96;489,67;54,68;-121,38;7,00;121,99;122,42;1,00;-0,99;-0,99;
3.8.2015 13:15;000,0;190,7;000,0;011,1;000,0;000,0;15124;2005412;10;112567;421;2940;0;0;0;0;0;0;0;;-130,50;-126,00;-108,75;15,50;-6,25;8,75;14308,00;13536,00;11748,00;9,20;9,32;9,30;;131,50;126,25;109,00;4,66;4,90;nan;-365,25;18,25;nan;367,02;368,33;NaN;-91,31;4,56;91,75;92,08;1,00;-1,00;-0,99;
3.8.2015 13:30;000,0;183,6;000,0;010,4;000,0;000,0;15124;2005458;10;112570;421;2940;0;0;0;0;0;0;0;;-196,00;-188,50;-162,75;25,50;-7,50;15,50;14286,00;13511,00;11733,00;13,86;13,98;13,96;;198,00;188,75;163,75;11,74;6,17;9,29;-547,75;33,50;27,19;550,58;552,50;57,99;-136,94;8,38;137,65;138,12;1,00;-0,99;-0,99;
3.8.2015 13:45;000,0;185,5;000,0;010,7;000,0;000,0;15124;2005504;10;112573;421;2940;0;0;0;0;0;0;0;;-116,25;-112,00;-96,75;13,25;-6,00;7,50;14322,00;13535,00;11740,00;8,19;8,31;8,28;;117,25;112,25;97,25;7,61;4,48;6,38;-325,50;15,00;18,47;326,94;328,14;34,04;-81,38;3,75;81,73;82,03;1,00;-1,00;-0,99;
3.8.2015 14:00;000,0;127,4;000,0;005,9;000,0;000,0;15124;2005536;10;112574;421;2940;0;0;0;0;0;0;0;;-144,75;-140,50;-121,00;18,00;-6,25;10,00;14287,00;13551,00;11752,00;10,23;10,40;10,36;;146,00;140,50;121,50;6,28;nan;4,61;-406,50;21,75;nan;408,78;410,24;NaN;-101,62;5,44;102,20;102,56;1,00;-0,99;-0,99;
3.8.2015 14:15;000,0;165,9;000,0;008,8;000,0;000,0;15124;2005578;10;112576;421;2940;0;0;0;0;0;0;0;;-128,25;-123,25;-106,50;15,00;-6,50;8,75;14323,00;13508,00;11735,00;9,02;9,15;9,12;;129,25;123,50;107,00;5,70;4,41;5,49;-358,25;17,25;15,60;359,98;361,30;40,63;-89,56;4,31;90,00;90,32;1,00;-1,00;-0,99;
3.8.2015 14:30;000,0;170,0;000,0;009,3;000,0;000,0;15124;2005620;10;112579;421;2940;0;0;0;0;0;0;0;;-126,75;-121,50;-105,25;14,75;-6,50;8,75;14340,00;13485,00;11721,00;8,91;9,04;9,02;;127,75;121,75;105,75;6,08;4,31;5,38;-353,75;17,25;15,77;355,53;356,87;40,90;-88,44;4,31;88,88;89,22;1,00;-0,99;-0,99;
3.8.2015 14:45;000,0;142,3;000,0;007,0;000,0;000,0;15124;2005656;10;112580;421;2940;0;0;0;0;0;0;0;;-115,25;-111,00;-95,75;13,25;-5,75;7,50;14328,00;13538,00;11747,00;8,11;8,23;8,21;;116,00;111,25;96,25;nan;4,74;6,30;-322,25;15,00;nan;324,00;325,19;NaN;-80,56;3,75;81,00;81,30;1,00;-0,99;-0,99;
3.8.2015 15:00;000,0;210,0;000,0;012,9;000,0;000,0;15124;2005709;10;112584;421;2940;0;0;0;0;0;0;0;;-145,00;-140,00;-120,75;17,75;-6,25;10,00;14315,00;13563,00;11764,00;10,22;10,34;10,33;;146,25;140,25;121,50;7,00;5,57;9,04;-406,00;21,25;21,61;408,00;409,46;43,59;-101,50;5,31;102,00;102,36;1,00;-1,00;-0,99;
3.8.2015 15:15;000,0;153,4;000,0;007,8;000,0;000,0;15124;2005747;10;112586;421;2940;0;0;0;0;0;0;0;;-114,00;-109,00;-94,25;13,00;-6,25;7,50;14370,00;13556,00;11756,00;7,99;8,07;8,05;;114,75;109,25;94,50;1,60;3,94;nan;-317,50;14,50;nan;318,91;320,07;NaN;-79,38;3,62;79,73;80,02;1,00;-1,00;-0,99;
3.8.2015 15:30;000,0;120,0;000,0;005,4;000,0;000,0;15124;2005777;10;112587;421;2940;0;0;0;0;0;0;0;;-118,00;-112,75;-97,50;13,50;-6,50;8,00;14373,00;13532,00;11754,00;8,28;8,36;8,34;;118,75;113,00;98,00;nan;3,77;5,81;-328,50;15,00;nan;330,09;331,29;NaN;-82,12;3,75;82,52;82,82;1,00;-1,00;-0,99;
3.8.2015 15:45;000,0;128,6;000,0;006,0;000,0;000,0;15124;2005809;10;112588;421;2940;0;0;0;0;0;0;0;;-102,25;-98,25;-85,00;11,50;-5,50;6,50;14384,00;13543,00;11767,00;7,16;7,28;7,26;;103,00;98,50;85,25;4,66;4,35;0,56;-285,75;12,25;9,57;287,02;288,10;33,28;-71,44;3,06;71,75;72,03;1,00;-1,00;-0,99;
3.8.2015 16:00;000,0;112,8;000,0;005,0;000,0;000,0;15124;2005837;10;112590;421;2940;0;0;0;0;0;0;0;;-95,00;-91,50;-79,00;10,75;-5,25;6,00;14388,00;13560,00;11776,00;6,66;6,78;6,75;;95,75;91,75;79,25;5,24;4,27;1,89;-266,00;11,50;11,40;267,26;268,25;30,68;-66,50;2,88;66,81;67,06;1,00;-1,00;-0,99;
3.8.2015 16:15;000,0;100,9;000,0;004,1;000,0;000,0;15124;2005862;10;112591;421;2940;0;0;0;0;0;0;0;;-89,00;-85,75;-74,00;9,75;-5,00;5,25;14401,00;13587,00;11788,00;6,22;6,34;6,31;;89,50;86,00;74,25;nan;4,24;3,08;-249,00;10,25;nan;250,10;251,04;NaN;-62,25;2,56;62,53;62,76;1,00;-1,00;-0,99;
3.8.2015 16:30;000,0;111,2;000,0;004,9;000,0;000,0;15124;2005890;10;112592;421;2940;0;0;0;0;0;0;0;;-138,00;-132,25;-114,25;16,25;-6,75;9,75;14425,00;13621,00;11806,00;9,74;9,83;9,82;;139,00;132,50;114,75;3,60;4,54;4,41;-384,75;19,25;12,55;390,36;391,78;70,22;-96,19;4,81;97,59;97,94;1,00;-0,99;-0,98;
3.8.2015 16:45;000,0;193,9;000,0;011,1;000,0;000,0;15124;2005939;10;112595;421;2940;0;0;0;0;0;0;0;;-171,25;-165,75;-142,75;21,75;-7,00;12,25;14451,00;13664,00;11845,00;11,96;12,16;12,12;;172,75;166,00;143,50;6,55;5,83;8,04;-480,25;27,25;20,42;482,63;484,41;53,45;-120,06;6,81;120,66;121,10;1,00;-1,00;-0,99;
3.8.2015 17:00;000,0;177,5;000,0;009,7;000,0;000,0;15124;2005983;10;112597;421;2940;0;0;0;0;0;0;0;;-144,75;-140,25;-120,75;17,75;-6,50;9,75;14438,00;13672,00;11842,00;10,13;10,28;10,25;;146,00;140,50;121,25;6,96;5,29;5,09;-406,25;21,25;17,33;408,28;409,78;46,15;-101,56;5,31;102,07;102,45;1,00;-1,00;-0,99;
3.8.2015 17:15;000,0;151,9;000,0;007,8;000,0;000,0;15124;2006021;10;112599;421;2940;0;0;0;0;0;0;0;;-129,50;-124,25;-107,25;15,25;-6,75;9,00;14310,00;13442,00;11664,00;9,13;9,27;9,24;;130,50;124,50;107,75;5,24;4,08;5,15;-361,25;17,75;14,46;363,00;364,40;41,98;-90,31;4,44;90,75;91,10;1,00;-1,00;-0,99;
3.8.2015 17:30;000,0;120,3;000,0;005,4;000,0;000,0;15124;2006051;10;112600;421;2940;0;0;0;0;0;0;0;;-90,75;-87,75;-75,50;10,00;-5,00;5,25;14282,00;13485,00;11695,00;6,40;6,52;6,49;;91,25;87,75;75,75;nan;nan;3,20;-254,00;10,50;nan;255,21;256,19;NaN;-63,50;2,62;63,80;64,05;1,00;-1,00;-0,99;
3.8.2015 17:45;000,0;091,8;000,0;003,7;000,0;000,0;15124;2006074;10;112601;421;2940;0;0;0;0;0;0;0;;-70,50;-68,50;-59,00;7,75;-3,75;4,00;14290,00;13451,00;11673,00;4,97;5,11;5,07;;71,00;68,75;59,25;3,27;4,50;3,68;-198,25;7,75;11,45;198,93;199,74;20,03;-49,56;1,94;49,73;49,93;1,00;-1,00;-0,99;
3.8.2015 18:00;000,0;070,0;000,0;002,6;000,0;000,0;15124;2006091;10;112602;421;2940;0;0;0;0;0;0;0;;-54,75;-53,50;-46,00;5,75;-3,25;2,50;14249,00;13478,00;11698,00;3,88;3,99;3,96;;55,25;53,75;46,25;4,68;4,03;4,10;-154,75;5,00;12,82;155,35;155,96;13,63;-38,69;1,25;38,84;38,99;1,00;-1,00;-0,99;
3.8.2015 18:15;000,0;054,5;000,0;001,6;000,0;000,0;15124;2006105;10;112602;421;2940;0;0;0;0;0;0;0;;-40,75;-39,25;-34,00;3,75;-2,75;2,00;14287,00;13456,00;11690,00;2,89;2,94;2,93;;41,00;39,50;34,25;2,52;3,48;3,61;-114,50;3,00;9,62;115,13;115,57;12,04;-28,62;0,75;28,78;28,89;1,00;-0,99;-0,99;
3.8.2015 18:30;000,0;032,2;000,0;000,8;000,0;000,0;15124;2006113;10;112603;421;2940;0;0;0;0;0;0;0;;-19,75;-20,00;-17,25;1,75;-1,00;0,00;14224,00;13442,00;11669,00;1,42;1,51;1,49;;20,00;20,25;17,25;2,62;3,01;0,00;-57,25;0,75;5,63;57,85;58,13;8,35;-14,31;0,19;14,46;14,53;1,00;-0,99;-0,98;
3.8.2015 18:45;000,0;026,3;000,0;000,4;000,0;000,0;15124;2006119;10;112603;421;2940;0;0;0;0;0;0;0;;-18,50;-18,25;-15,75;1,25;-1,25;0,00;14238,00;13405,00;11660,00;1,33;1,39;1,38;;18,75;18,50;16,00;2,78;2,76;2,82;-53,00;-0,00;8,36;53,66;53,90;5,16;-13,25;-0,00;13,42;13,48;1,00;-0,99;-0,98;
3.8.2015 19:00;000,0;020,0;000,0;000,2;000,0;000,0;15124;2006124;10;112603;421;2940;0;0;0;0;0;0;0;;-15,50;-16,50;-14,00;1,50;0,00;0,00;14219,00;13457,00;11696,00;1,12;1,25;1,21;;15,75;16,75;14,00;2,36;2,88;0,00;-46,00;1,50;5,24;46,90;47,18;8,96;-11,50;0,38;11,72;11,80;1,00;-0,98;-0,97;
3.8.2015 19:15;000,0;017,4;000,0;000,2;000,0;000,0;15124;2006129;10;112603;421;2940;0;0;0;0;0;0;0;;-13,00;-13,50;-11,50;1,00;0,00;0,00;14213,00;13405,00;11653,00;0,94;1,02;1,01;;13,25;13,75;11,75;2,36;2,61;2,41;-38,00;1,00;7,38;38,83;39,07;5,19;-9,50;0,25;9,71;9,77;1,00;-0,98;-0,97;
3.8.2015 19:30;000,0;012,6;000,0;000,1;000,2;000,0;15124;2006132;10;112603;421;2940;0;0;0;0;0;0;0;;-7,75;-8,75;-7,50;0,00;0,00;0,00;14209,00;13419,00;11671,00;0,60;0,68;0,68;;8,50;9,00;7,75;3,49;2,11;1,95;-24,25;0,00;7,55;25,59;25,81;4,57;-6,06;0,00;6,40;6,45;1,00;-0,95;-0,94;
3.8.2015 19:45;000,0;006,6;000,0;000,0;000,0;000,0;15124;2006133;10;112603;421;2940;0;0;0;0;0;0;0;;-2,25;-3,25;-2,75;0,00;0,00;0,00;14233,00;13448,00;11696,00;0,27;0,32;0,31;;3,75;4,25;3,50;3,00;2,74;2,17;-8,50;0,00;7,90;11,77;11,89;2,57;-2,12;0,00;2,94;2,97;1,00;-0,72;-0,72;
3.8.2015 20:00;000,0;001,7;000,0;000,0;000,2;000,0;15124;2006134;10;112603;421;2940;0;0;0;0;0;0;0;;0,00;-1,00;-0,75;0,00;0,00;0,00;14207,00;13457,00;11687,00;0,18;0,19;0,20;;0,00;2,50;2,25;0,00;2,29;2,12;-2,00;0,00;4,41;7,36;7,41;5,60;-0,50;0,00;1,84;1,85;1,00;-0,27;-0,27;
3.8.2015 20:15;000,7;000,1;000,0;000,0;000,0;000,2;15124;2006134;10;112603;421;2940;0;0;0;0;0;0;0;;1,75;0,00;0,75;0,00;0,00;-0,75;14205,00;13388,00;11643,00;0,13;0,04;0,10;;1,75;0,00;1,00;0,00;0,00;nan;2,50;-0,75;nan;3,54;3,85;NaN;0,62;-0,19;0,88;0,96;0,96;0,71;0,65;
3.8.2015 20:30;000,7;000,0;000,0;000,0;000,0;000,1;15124;2006134;10;112603;421;2940;0;0;0;0;0;0;0;;1,75;0,00;0,75;0,00;0,00;-0,75;14173,00;13359,00;11623,00;0,12;0,04;0,10;;1,75;0,00;1,00;0,00;0,00;nan;2,50;-0,75;nan;3,49;3,80;NaN;0,62;-0,19;0,87;0,95;0,96;0,72;0,66;
3.8.2015 20:45;000,8;000,0;000,0;000,0;000,0;000,1;15124;2006134;10;112603;421;2940;0;0;0;0;0;0;0;;1,50;0,00;0,75;0,00;0,00;-0,75;14360,00;13531,00;11773,00;0,12;0,04;0,10;;1,50;0,00;1,00;0,00;0,00;nan;2,50;-0,75;nan;3,34;3,64;NaN;0,62;-0,19;0,83;0,91;0,96;0,75;0,69;
3.8.2015 21:00;000,9;000,0;000,0;000,0;000,0;000,1;15124;2006134;10;112603;421;2940;0;0;0;0;0;0;0;;1,50;0,00;0,75;0,00;0,00;-0,50;14340,00;13544,00;11781,00;0,11;0,03;0,10;;1,50;0,00;1,00;0,00;0,00;0,43;2,25;-0,50;0,43;3,13;3,45;2,53;0,56;-0,12;0,78;0,86;0,98;0,72;0,65;
3.8.2015 21:15;000,8;000,0;000,0;000,0;000,0;000,1;15125;2006134;10;112603;421;2940;0;0;0;0;0;0;0;;1,00;0,00;0,50;0,00;0,00;0,00;14326,00;13529,00;11764,00;0,07;0,03;0,08;;1,00;0,00;0,75;0,00;0,00;0,56;1,50;0,00;0,56;2,39;2,55;1,98;0,38;0,00;0,60;0,64;1,00;0,63;0,59;
3.8.2015 21:30;000,7;000,0;000,0;000,0;000,0;000,1;15125;2006134;10;112603;421;2940;0;0;0;0;0;0;0;;1,00;0,00;0,50;0,00;0,00;0,00;14342,00;13581,00;11792,00;0,07;0,03;0,08;;1,00;0,00;0,75;0,00;0,00;0,56;1,50;0,00;0,56;2,40;2,55;1,99;0,38;0,00;0,60;0,64;1,00;0,63;0,59;
3.8.2015 21:45;000,8;000,0;000,0;000,0;000,0;000,0;15125;2006134;10;112603;421;2940;0;0;0;0;0;0;0;;0,75;0,00;0,50;0,00;0,00;0,00;14186,00;13429,00;11663,00;0,07;0,03;0,08;;1,00;0,00;0,75;0,66;0,00;0,56;1,50;0,00;1,22;2,37;2,53;1,62;0,38;0,00;0,59;0,63;1,00;0,63;0,59;
3.8.2015 22:00;000,6;000,0;000,0;000,0;000,0;000,0;15125;2006134;10;112603;421;2940;0;0;0;0;0;0;0;;1,75;0,00;0,75;0,00;0,00;-0,75;14131,00;13445,00;11670,00;0,13;0,04;0,10;;1,75;0,00;1,00;0,00;0,00;nan;2,50;-0,75;nan;3,53;3,85;NaN;0,62;-0,19;0,88;0,96;0,96;0,71;0,65;
3.8.2015 22:15;000,8;000,0;000,0;000,0;000,0;000,1;15125;2006134;10;112603;421;2940;0;0;0;0;0;0;0;;0,75;0,00;0,50;0,00;0,00;0,00;14112,00;13418,00;11638,00;0,07;0,03;0,08;;1,00;0,00;0,75;0,66;0,00;0,56;1,50;0,00;1,22;2,36;2,52;1,61;0,38;0,00;0,59;0,63;1,00;0,64;0,60;
3.8.2015 22:30;000,7;000,0;000,0;000,0;000,0;000,0;15126;2006134;10;112603;421;2940;0;0;0;0;0;0;0;;0,75;0,00;0,50;0,00;0,00;0,00;14154,00;13446,00;11666,00;0,07;0,03;0,08;;1,00;0,00;0,75;0,66;0,00;0,56;1,50;0,00;1,22;2,37;2,52;1,62;0,38;0,00;0,59;0,63;1,00;0,63;0,59;
3.8.2015 22:45;000,7;000,0;000,0;000,0;000,0;000,0;15126;2006134;10;112603;421;2940;0;0;0;0;0;0;0;;0,75;0,00;0,50;0,00;0,00;0,00;14159,00;13467,00;11684,00;0,07;0,03;0,08;;1,00;0,00;0,75;0,66;0,00;0,56;1,50;0,00;1,22;2,37;2,53;1,63;0,38;0,00;0,59;0,63;1,00;0,63;0,59;
3.8.2015 23:00;000,7;000,0;000,0;000,0;000,0;000,1;15126;2006134;10;112603;421;2940;0;0;0;0;0;0;0;;0,75;0,00;0,50;0,00;0,00;0,00;14031,00;13311,00;11568,00;0,07;0,03;0,08;;1,00;0,00;0,75;0,66;0,00;0,56;1,50;0,00;1,22;2,35;2,50;1,59;0,38;0,00;0,59;0,63;1,00;0,64;0,60;
3.8.2015 23:15;000,7;000,0;000,0;000,0;000,0;000,0;15126;2006134;10;112603;421;2940;0;0;0;0;0;0;0;;0,75;0,00;0,50;0,00;0,00;0,00;14257,00;13527,00;11750,00;0,07;0,03;0,08;;1,00;0,00;0,75;0,66;0,00;0,56;1,50;0,00;1,22;2,38;2,54;1,65;0,38;0,00;0,60;0,64;1,00;0,63;0,59;
3.8.2015 23:30;000,7;000,0;000,0;000,0;000,0;000,0;15126;2006134;10;112603;421;2940;0;0;0;0;0;0;0;;1,50;0,00;0,75;0,00;0,00;-0,75;14287,00;13586,00;11802,00;0,12;0,04;0,10;;1,50;0,00;1,00;0,00;0,00;nan;2,50;-0,75;nan;3,33;3,64;NaN;0,62;-0,19;0,83;0,91;0,96;0,75;0,69;
3.8.2015 23:45;000,7;000,0;000,0;000,0;000,0;000,0;15126;2006134;10;112603;421;2940;0;0;0;0;0;0;0;;0,75;0,00;0,50;0,00;0,00;0,00;14236,00;13558,00;11766,00;0,07;0,03;0,08;;1,00;0,00;0,75;0,66;0,00;0,56;1,50;0,00;1,22;2,38;2,54;1,65;0,38;0,00;0,60;0,64;1,00;0,63;0,59;
4.8.2015 00:00;000,7;000,0;000,0;000,0;000,0;000,0;15127;2006134;10;112603;421;2940;0;0;0;0;0;0;0;;1,00;0,00;0,50;0,00;0,00;0,00;14318,00;13523,00;11753,00;0,07;0,03;0,08;;1,00;0,00;0,75;0,00;0,00;0,56;1,50;0,00;0,56;2,39;2,55;1,98;0,38;0,00;0,60;0,64;1,00;0,63;0,59;
4.8.2015 00:15;000,6;000,0;000,0;000,0;000,0;000,0;15127;2006134;10;112603;421;2940;0;0;0;0;0;0;0;;0,75;0,00;0,50;0,00;0,00;0,00;14271,00;13566,00;11775,00;0,07;0,03;0,08;;1,00;0,00;0,75;0,66;0,00;0,56;1,50;0,00;1,22;2,39;2,55;1,66;0,38;0,00;0,60;0,64;1,00;0,63;0,59;
4.8.2015 00:30;000,8;000,0;000,0;000,0;000,0;000,1;15127;2006134;10;112603;421;2940;0;0;0;0;0;0;0;;0,75;0,00;0,50;0,00;0,00;0,00;14246,00;13566,00;11775,00;0,07;0,03;0,08;;1,00;0,00;0,75;0,66;0,00;0,56;1,50;0,00;1,22;2,35;2,51;1,60;0,38;0,00;0,59;0,63;1,00;0,64;0,60;
4.8.2015 00:45;000,7;000,0;000,0;000,0;000,0;000,0;15127;2006134;10;112603;421;2940;0;0;0;0;0;0;0;;0,75;0,00;0,50;0,00;0,00;0,00;14274,00;13599,00;11803,00;0,07;0,03;0,08;;1,00;0,00;0,75;0,66;0,00;0,56;1,50;0,00;1,22;2,39;2,55;1,66;0,38;0,00;0,60;0,64;1,00;0,63;0,59;
4.8.2015 01:00;000,7;000,0;000,0;000,0;000,0;000,0;15127;2006134;10;112603;421;2940;0;0;0;0;0;0;0;;1,00;0,00;0,50;0,00;0,00;0,00;14350,00;13572,00;11801,00;0,07;0,03;0,08;;1,00;0,00;0,75;0,00;0,00;0,56;1,50;0,00;0,56;2,40;2,55;1,99;0,38;0,00;0,60;0,64;1,00;0,63;0,59;
4.8.2015 01:15;000,6;000,0;000,0;000,0;000,0;000,0;15127;2006134;10;112603;421;2940;0;0;0;0;0;0;0;;1,00;0,00;0,50;0,00;0,00;0,00;14333,00;13622,00;11828,00;0,07;0,03;0,08;;1,00;0,00;0,75;0,00;0,00;0,56;1,50;0,00;0,56;2,40;2,56;1,99;0,38;0,00;0,60;0,64;1,00;0,63;0,59;
4.8.2015 01:30;000,7;000,0;000,0;000,0;000,0;000,0;15128;2006134;10;112603;421;2940;0;0;0;0;0;0;0;;1,00;0,00;0,50;0,00;0,00;0,00;14345,00;13627,00;11841,00;0,07;0,03;0,08;;1,00;0,00;0,75;0,00;0,00;0,56;1,50;0,00;0,56;2,40;2,56;2,00;0,38;0,00;0,60;0,64;1,00;0,62;0,59;
4.8.2015 01:45;000,7;000,0;000,0;000,0;000,0;000,0;15128;2006134;10;112603;421;2940;0;0;0;0;0;0;0;;1,00;0,00;0,50;0,00;0,00;0,00;14349,00;13637,00;11855,00;0,07;0,03;0,08;;1,00;0,00;0,75;0,00;0,00;0,56;1,50;0,00;0,56;2,40;2,56;2,00;0,38;0,00;0,60;0,64;1,00;0,62;0,59;
4.8.2015 02:00;000,7;000,0;000,0;000,0;000,0;000,0;15128;2006134;10;112603;421;2940;0;0;0;0;0;0;0;;1,00;0,00;0,50;0,00;0,00;0,00;14354,00;13660,00;11873,00;0,07;0,03;0,08;;1,00;0,00;0,75;0,00;0,00;0,56;1,50;0,00;0,56;2,40;2,56;2,00;0,38;0,00;0,60;0,64;1,00;0,62;0,59;
4.8.2015 02:15;000,7;000,0;000,0;000,0;000,0;000,0;15128;2006134;10;112603;421;2940;0;0;0;0;0;0;0;;0,75;0,00;0,50;0,00;0,00;0,00;14099,00;13404,00;11676,00;0,07;0,03;0,08;;1,00;0,00;0,75;0,66;0,00;0,56;1,50;0,00;1,22;2,36;2,52;1,61;0,38;0,00;0,59;0,63;1,00;0,63;0,60;
4.8.2015 02:30;000,7;000,0;000,0;000,0;000,0;000,0;15128;2006134;10;112603;421;2940;0;0;0;0;0;0;0;;0,75;0,00;0,50;0,00;0,00;0,00;14073,00;13366,00;11640,00;0,07;0,03;0,08;;1,00;0,00;0,75;0,66;0,00;0,56;1,50;0,00;1,22;2,32;2,48;1,55;0,38;0,00;0,58;0,62;1,00;0,65;0,61;
4.8.2015 02:45;000,6;000,0;000,0;000,0;000,0;000,0;15129;2006134;10;112603;421;2940;0;0;0;0;0;0;0;;0,75;0,00;0,50;0,00;0,00;0,00;14080,00;13382,00;11653,00;0,07;0,03;0,08;;1,00;0,00;0,75;0,66;0,00;0,56;1,50;0,00;1,22;2,36;2,51;1,61;0,38;0,00;0,59;0,63;1,00;0,64;0,60;
4.8.2015 03:00;000,7;000,0;000,0;000,0;000,0;000,0;15129;2006134;10;112603;421;2940;0;0;0;0;0;0;0;;0,75;0,00;0,50;0,00;0,00;0,00;14068,00;13391,00;11666,00;0,07;0,03;0,08;;1,00;0,00;0,75;0,66;0,00;0,56;1,50;0,00;1,22;2,36;2,51;1,61;0,38;0,00;0,59;0,63;1,00;0,64;0,60;
4.8.2015 03:15;000,7;000,0;000,0;000,0;000,0;000,0;15129;2006134;10;112603;421;2940;0;0;0;0;0;0;0;;0,75;0,00;0,50;0,00;0,00;0,00;14113,00;13382,00;11679,00;0,07;0,03;0,08;;1,00;0,00;0,75;0,66;0,00;0,56;1,50;0,00;1,22;2,36;2,52;1,61;0,38;0,00;0,59;0,63;1,00;0,63;0,60;
4.8.2015 03:30;000,7;000,0;000,0;000,0;000,0;000,0;15129;2006134;10;112603;421;2940;0;0;0;0;0;0;0;;0,75;0,00;0,50;0,00;0,00;0,00;14092,00;13411,00;11701,00;0,07;0,03;0,08;;1,00;0,00;0,75;0,66;0,00;0,56;1,50;0,00;1,22;2,36;2,52;1,62;0,38;0,00;0,59;0,63;1,00;0,63;0,60;
4.8.2015 03:45;000,6;000,0;000,0;000,0;000,0;000,0;15129;2006134;10;112603;421;2940;0;0;0;0;0;0;0;;0,75;0,00;0,50;0,00;0,00;0,00;14105,00;13366,00;11674,00;0,07;0,03;0,08;;1,00;0,00;0,75;0,66;0,00;0,56;1,50;0,00;1,22;2,36;2,52;1,61;0,38;0,00;0,59;0,63;1,00;0,64;0,60;
4.8.2015 04:00;000,7;000,0;000,0;000,0;000,0;000,0;15129;2006134;10;112603;421;2940;0;0;0;0;0;0;0;;0,75;0,00;0,50;0,00;0,00;0,00;14099,00;13356,00;11671,00;0,07;0,03;0,08;;1,00;0,00;0,75;0,66;0,00;0,56;1,50;0,00;1,22;2,36;2,51;1,61;0,38;0,00;0,59;0,63;1,00;0,64;0,60;
4.8.2015 04:15;000,7;000,0;000,0;000,0;000,0;000,0;15130;2006134;10;112603;421;2940;0;0;0;0;0;0;0;;0,75;0,00;0,50;0,00;0,00;0,00;14094,00;13366,00;11670,00;0,07;0,03;0,08;;1,00;0,00;0,75;0,66;0,00;0,56;1,50;0,00;1,22;2,36;2,52;1,61;0,38;0,00;0,59;0,63;1,00;0,64;0,60;
4.8.2015 04:30;000,6;000,0;000,0;000,0;000,0;000,0;15130;2006134;10;112603;421;2940;0;0;0;0;0;0;0;;0,75;0,00;0,50;0,00;0,00;0,00;14071,00;13374,00;11674,00;0,07;0,03;0,08;;1,00;0,00;0,75;0,66;0,00;0,56;1,50;0,00;1,22;2,36;2,51;1,61;0,38;0,00;0,59;0,63;1,00;0,64;0,60;
4.8.2015 04:45;000,7;000,0;000,0;000,0;000,0;000,0;15130;2006134;10;112603;421;2940;0;0;0;0;0;0;0;;0,75;0,00;0,50;0,00;0,00;0,00;14066,00;13372,00;11683,00;0,07;0,03;0,08;;1,00;0,00;0,75;0,66;0,00;0,56;1,50;0,00;1,22;2,36;2,51;1,61;0,38;0,00;0,59;0,63;1,00;0,64;0,60;
4.8.2015 05:00;000,7;000,0;000,0;000,0;000,0;000,0;15130;2006134;10;112603;421;2940;0;0;0;0;0;0;0;;0,75;0,00;0,50;0,00;0,00;0,00;14065,00;13366,00;11673,00;0,07;0,03;0,08;;1,00;0,00;0,75;0,66;0,00;0,56;1,50;0,00;1,22;2,36;2,51;1,61;0,38;0,00;0,59;0,63;1,00;0,64;0,60;
4.8.2015 05:15;000,7;000,0;000,0;000,0;000,0;000,0;15130;2006134;10;112603;421;2940;0;0;0;0;0;0;0;;0,75;0,00;0,50;0,00;0,00;0,00;14059,00;13351,00;11668,00;0,07;0,03;0,08;;1,00;0,00;0,75;0,66;0,00;0,56;1,50;0,00;1,22;2,36;2,51;1,60;0,38;0,00;0,59;0,63;1,00;0,64;0,60;
4.8.2015 05:30;000,6;000,0;000,0;000,0;000,0;000,0;15130;2006134;10;112603;421;2940;0;0;0;0;0;0;0;;0,75;0,00;0,50;0,00;0,00;0,00;14069,00;13330,00;11653,00;0,07;0,03;0,08;;1,00;0,00;0,75;0,66;0,00;0,56;1,50;0,00;1,22;2,36;2,51;1,60;0,38;0,00;0,59;0,63;1,00;0,64;0,60;
4.8.2015 05:45;000,7;000,0;000,0;000,0;000,0;000,0;15131;2006134;10;112603;421;2940;0;0;0;0;0;0;0;;0,75;0,00;0,50;0,00;0,00;0,00;14034,00;13330,00;11653,00;0,07;0,03;0,08;;1,00;0,00;0,75;0,66;0,00;0,56;1,50;0,00;1,22;2,35;2,51;1,60;0,38;0,00;0,59;0,63;1,00;0,64;0,60;
4.8.2015 06:00;000,4;001,3;000,0;000,0;000,1;000,1;15131;2006134;10;112603;421;2940;0;0;0;0;0;0;0;;-3,75;-4,25;-3,75;0,00;0,00;0,00;14042,00;13328,00;11644,00;0,35;0,39;0,39;;4,75;5,00;4,50;2,92;2,63;2,49;-12,25;0,00;8,04;14,66;14,75;1,74;-3,06;0,00;3,66;3,69;1,00;-0,84;-0,83;
4.8.2015 06:15;000,0;007,0;000,0;000,0;000,0;000,0;15131;2006136;10;112603;421;2940;0;0;0;0;0;0;0;;-7,75;-8,00;-7,00;0,00;0,00;0,00;14194,00;13499,00;11769,00;0,60;0,64;0,64;;8,50;8,50;7,50;3,49;2,87;2,69;-23,25;0,00;9,06;24,78;24,91;NaN;-5,81;0,00;6,20;6,23;1,00;-0,94;-0,93;
4.8.2015 06:30;000,0;012,1;000,0;000,0;000,1;000,0;15131;2006139;10;112603;421;2940;0;0;0;0;0;0;0;;-13,00;-13,00;-11,25;0,75;-0,75;0,00;14234,00;13512,00;11750,00;0,95;0,99;0,99;;13,50;13,25;11,50;3,56;2,45;2,38;-37,75;-0,00;8,40;38,56;38,74;2,24;-9,44;-0,00;9,64;9,68;1,00;-0,98;-0,97;
4.8.2015 06:45;000,0;019,1;000,0;000,1;000,0;000,0;15131;2006144;10;112603;421;2940;0;0;0;0;0;0;0;;-21,00;-20,50;-18,00;1,75;-1,25;0,50;14213,00;13468,00;11715,00;1,51;1,55;1,55;;21,25;20,75;18,00;2,74;2,96;nan;-59,75;1,00;nan;60,49;60,74;NaN;-14,94;0,25;15,12;15,18;1,00;-0,99;-0,98;
4.8.2015 07:00;000,0;029,6;000,0;000,6;000,0;000,0;15131;2006151;10;112603;421;2940;0;0;0;0;0;0;0;;-31,75;-31,00;-27,00;3,00;-2,00;1,25;14247,00;13545,00;11772,00;2,26;2,31;2,31;;32,00;31,25;27,00;2,63;3,40;nan;-90,00;2,25;nan;90,58;90,92;NaN;-22,50;0,56;22,65;22,73;1,00;-0,99;-0,99;
4.8.2015 07:15;000,0;043,4;000,0;001,1;000,0;000,0;15131;2006162;10;112603;421;2940;0;0;0;0;0;0;0;;-44,75;-43,25;-37,50;4,25;-2,75;2,25;14249,00;13488,00;11718,00;3,17;3,23;3,23;;45,00;43,50;37,75;2,09;3,76;3,71;-126,00;3,75;9,56;126,69;127,16;13,76;-31,50;0,94;31,67;31,79;1,00;-0,99;-0,99;
4.8.2015 07:30;000,0;059,0;000,0;001,9;000,0;000,0;15131;2006177;10;112604;421;2940;0;0;0;0;0;0;0;;-60,00;-57,50;-50,00;6,00;-3,50;3,25;14247,00;13436,00;11678,00;4,25;4,31;4,30;;60,50;57,75;50,25;4,92;4,07;3,81;-168,00;5,75;12,80;168,66;169,29;15,47;-42,00;1,44;42,17;42,32;1,00;-1,00;-0,99;
4.8.2015 07:45;000,0;076,6;000,0;002,9;000,0;000,0;15131;2006196;10;112604;421;2940;0;0;0;0;0;0;0;;-76,75;-74,00;-64,00;8,00;-4,50;4,50;14234,00;13443,00;11669,00;5,44;5,52;5,51;;77,25;74,00;64,25;3,61;nan;3,44;-215,00;8,00;nan;215,93;216,74;NaN;-53,75;2,00;53,98;54,18;1,00;-1,00;-0,99;
4.8.2015 08:00;000,0;095,6;000,0;003,8;000,0;000,0;15131;2006220;10;112605;421;2940;0;0;0;0;0;0;0;;-93,50;-90,50;-78,25;10,50;-4,75;5,50;14262,00;13505,00;11723,00;6,61;6,73;6,71;;94,25;90,75;78,50;5,53;4,77;2,99;-262,75;11,00;13,29;263,82;264,79;27,94;-65,69;2,75;65,96;66,20;1,00;-1,00;-0,99;
4.8.2015 08:15;000,0;113,6;000,0;005,0;000,0;000,0;15131;2006249;10;112607;421;2940;0;0;0;0;0;0;0;;-108,25;-104,50;-90,25;12,75;-5,50;6,75;14134,00;13347,00;11631,00;7,73;7,86;7,81;;109,00;104,75;90,75;0,61;4,70;6,70;-303,25;14,00;12,01;304,87;305,93;35,93;-75,81;3,50;76,22;76,48;1,00;-0,99;-0,99;
4.8.2015 08:30;000,0;131,7;000,0;006,3;000,0;000,0;15131;2006282;10;112608;421;2940;0;0;0;0;0;0;0;;-125,75;-120,75;-104,75;14,50;-5,75;8,50;14175,00;13415,00;11646,00;8,95;9,03;9,04;;126,75;121,00;105,25;6,50;5,23;5,72;-351,50;17,25;17,45;353,19;354,45;38,46;-87,88;4,31;88,30;88,61;1,00;-1,00;-0,99;
4.8.2015 08:45;000,0;148,9;000,0;007,5;000,0;000,0;15131;2006319;10;112610;421;2940;0;0;0;0;0;0;0;;-141,25;-136,00;-117,75;17,00;-6,25;9,75;14292,00;13437,00;11710,00;9,97;10,15;10,12;;142,50;136,25;118,25;8,10;5,39;4,79;-395,25;20,75;18,28;397,35;398,85;45,75;-98,81;5,19;99,34;99,71;1,00;-0,99;-0,99;
4.8.2015 09:00;000,0;167,2;000,0;009,0;000,0;000,0;15131;2006361;10;112612;421;2940;0;0;0;0;0;0;0;;-156,75;-149,75;-129,75;18,75;-7,25;11,75;14280,00;13443,00;11703,00;11,07;11,16;11,15;;158,00;150,00;130,50;6,47;4,73;7,56;-436,25;23,50;18,76;438,52;440,08;49,50;-109,06;5,88;109,63;110,02;1,00;-0,99;-0,99;
4.8.2015 09:15;000,0;183,7;000,0;010,3;000,0;000,0;15131;2006407;10;112615;421;2940;0;0;0;0;0;0;0;;-170,50;-164,25;-142,25;21,25;-6,75;12,50;14229,00;13457,00;11700,00;12,09;12,24;12,23;;172,00;164,50;143,00;7,89;6,05;7,60;-477,50;27,25;21,53;479,88;481,58;52,03;-119,38;6,81;119,97;120,40;1,00;-1,00;-0,99;
4.8.2015 09:30;000,0;198,9;000,0;011,6;000,0;000,0;15131;2006456;10;112618;421;2940;0;0;0;0;0;0;0;;-185,75;-178,00;-154,00;23,50;-7,50;14,75;14242,00;13439,00;11665,00;13,16;13,27;13,27;;187,25;178,25;154,75;2,69;5,73;3,74;-518,00;30,75;12,16;520,59;522,47;59,62;-129,50;7,69;130,15;130,62;1,00;-1,00;-0,99;
4.8.2015 09:45;000,0;213,2;000,0;013,1;000,0;000,0;15131;2006510;10;112621;421;2940;0;0;0;0;0;0;0;;-196,00;-188,50;-163,00;25,75;-7,00;15,75;14161,00;13348,00;11619,00;13,98;14,15;14,12;;198,00;188,75;164,00;11,18;6,73;8,88;-548,00;34,50;26,79;550,91;552,88;58,83;-137,00;8,62;137,73;138,22;1,00;-0,99;-0,99;
4.8.2015 10:00;000,0;223,7;000,0;014,1;000,0;000,0;15131;2006566;10;112625;421;2940;0;0;0;0;0;0;0;;-206,00;-197,25;-170,50;27,00;-7,75;17,00;14225,00;13420,00;11665,00;14,62;14,73;14,72;;207,75;197,50;171,50;nan;6,21;7,28;-574,00;36,50;nan;577,30;579,32;NaN;-143,50;9,12;144,32;144,83;1,00;-0,99;-0,99;
4.8.2015 10:15;000,0;235,0;000,0;015,2;000,0;000,0;15131;2006625;10;112628;421;2940;0;0;0;0;0;0;0;;-217,50;-208,75;-180,25;29,25;-7,50;18,50;14245,00;13391,00;11656,00;15,42;15,62;15,57;;219,50;209,00;181,50;4,29;6,94;10,49;-606,75;40,25;21,72;610,33;612,57;70,74;-151,69;10,06;152,58;153,14;1,00;-0,99;-0,99;
4.8.2015 10:30;000,0;249,8;000,0;016,7;000,0;000,0;15131;2006687;10;112633;421;2940;0;0;0;0;0;0;0;;-228,75;-220,00;-189,75;31,25;-7,50;19,75;14238,00;13413,00;11654,00;16,23;16,43;16,39;;231,00;220,25;190,75;7,61;7,34;nan;-638,75;43,25;nan;642,38;644,72;NaN;-159,69;10,81;160,59;161,18;1,00;-0,99;-0,99;
4.8.2015 10:45;000,0;260,2;000,0;017,8;000,0;000,0;15131;2006752;10;112637;421;2940;0;0;0;0;0;0;0;;-233,00;-224,25;-193,25;32,25;-7,50;20,00;14195,00;13384,00;11626,00;16,58;16,77;16,74;;235,25;224,50;194,50;3,67;7,48;9,20;-650,75;44,75;20,36;654,56;656,93;75,28;-162,69;11,19;163,64;164,23;1,00;-0,99;-0,99;
4.8.2015 11:00;000,0;264,4;000,0;018,3;000,0;000,0;15131;2006818;10;112642;421;2940;0;0;0;0;0;0;0;;-242,00;-231,50;-200,00;33,25;-8,25;21,75;14235,00;13323,00;11608,00;17,18;17,40;17,35;;244,50;231,75;201,25;10,52;6,91;5,34;-673,75;46,75;22,77;677,85;680,39;79,32;-168,44;11,69;169,46;170,10;1,00;-0,99;-0,99;
4.8.2015 11:15;000,0;272,0;000,0;019,0;000,0;000,0;15131;2006886;10;112646;421;2940;0;0;0;0;0;0;0;;-244,00;-234,75;-202,50;34,00;-7,50;21,25;14309,00;13473,00;11717,00;17,24;17,45;17,40;;246,50;235,00;203,75;8,38;7,82;7,50;-681,50;47,75;23,70;685,69;688,18;79,43;-170,38;11,94;171,42;172,05;1,00;-0,99;-0,99;
4.8.2015 11:30;000,0;282,4;000,0;019,9;000,0;000,0;15131;2006957;10;112651;421;2940;0;0;0;0;0;0;0;;-248,75;-239,00;-206,25;34,75;-7,75;22,00;14353,00;13490,00;11740,00;17,53;17,76;17,70;;251,25;239,25;207,75;6,51;7,71;11,70;-694,25;48,75;25,93;699,15;701,71;85,84;-173,56;12,19;174,79;175,43;1,00;-0,99;-0,99;
4.8.2015 11:45;000,0;288,4;000,0;020,6;000,0;000,0;15131;2007029;10;112657;421;2940;0;0;0;0;0;0;0;;-258,50;-248,50;-214,25;36,50;-7,75;22,75;14348,00;13481,00;11735,00;18,20;18,46;18,38;;261,00;248,75;215,50;nan;8,02;4,43;-721,50;51,25;nan;725,75;728,41;NaN;-180,38;12,81;181,44;182,10;1,00;-0,99;-0,99;
4.8.2015 12:00;000,0;294,7;000,0;021,0;000,0;000,0;15131;2007103;10;112662;421;2940;0;0;0;0;0;0;0;;-271,00;-261,75;-225,50;38,50;-7,50;23,75;14347,00;13540,00;11766,00;19,10;19,35;19,28;;274,00;262,00;226,75;12,36;8,64;1,12;-758,25;54,75;22,12;762,87;765,60;87,84;-189,56;13,69;190,72;191,40;1,00;-0,99;-0,99;
4.8.2015 12:15;000,0;300,7;000,0;021,6;000,0;000,0;15131;2007178;10;112667;421;2940;0;0;0;0;0;0;0;;-273,00;-263,75;-227,00;39,00;-7,50;23,50;14311,00;13535,00;11746,00;19,27;19,51;19,44;;275,75;264,00;228,25;nan;8,70;4,10;-764,00;55,00;nan;768,18;770,90;NaN;-191,00;13,75;192,05;192,72;1,00;-0,99;-0,99;
4.8.2015 12:30;000,0;297,6;000,0;021,2;000,0;000,0;15131;2007253;10;112673;421;2940;0;0;0;0;0;0;0;;-271,50;-260,75;-224,50;38,25;-8,50;24,25;14368,00;13524,00;11740,00;19,09;19,31;19,26;;274,25;261,00;226,00;6,14;7,63;9,36;-757,00;54,00;23,14;761,55;764,35;87,93;-189,25;13,50;190,39;191,09;1,00;-0,99;-0,99;
4.8.2015 12:45;000,0;300,4;000,0;021,3;000,0;000,0;15131;2007328;10;112678;421;2940;0;0;0;0;0;0;0;;-271,00;-261,50;-225,00;38,25;-8,00;23,75;14366,00;13569,00;11777,00;19,07;19,29;19,23;;274,00;261,75;226,50;13,11;8,17;10,64;-758,00;54,25;31,93;762,31;765,03;82,08;-189,50;13,56;190,58;191,26;1,00;-0,99;-0,99;
4.8.2015 13:00;000,0;307,6;000,0;022,0;000,0;000,0;15131;2007404;10;112683;421;2940;0;0;0;0;0;0;0;;-280,25;-270,50;-233,00;39,50;-7,75;24,50;14330,00;13557,00;11766,00;19,76;19,98;19,93;;283,00;270,75;234,50;nan;8,67;10,05;-784,00;56,25;nan;788,52;791,31;NaN;-196,00;14,06;197,13;197,83;1,00;-0,99;-0,99;
4.8.2015 13:15;000,0;307,6;000,0;022,0;000,0;000,0;15131;2007481;10;112689;421;2940;0;0;0;0;0;0;0;;-271,50;-261,25;-225,00;38,25;-8,50;24,00;14320,00;13504,00;11733,00;19,16;19,38;19,31;;274,25;261,50;226,50;6,14;7,64;10,06;-758,00;53,75;23,85;762,52;765,22;86,84;-189,50;13,44;190,63;191,31;1,00;-0,99;-0,99;
4.8.2015 13:30;000,0;300,7;000,0;021,4;000,0;000,0;15131;2007557;10;112694;421;2940;0;0;0;0;0;0;0;;-266,00;-256,25;-221,00;37,00;-7,75;23,25;14306,00;13496,00;11725,00;18,78;19,01;18,97;;268,75;256,50;222,25;10,08;8,25;3,67;-743,25;52,50;22,01;747,65;750,36;85,89;-185,81;13,12;186,91;187,59;1,00;-0,99;-0,99;
4.8.2015 13:45;000,0;167,8;000,0;010,7;000,0;000,0;15131;2007597;10;112697;421;2940;0;0;0;0;0;0;0;;-50,75;-49,50;-43,00;5,25;-2,50;2,50;14346,00;13493,00;11746,00;3,57;3,70;3,68;;51,00;49,75;43,25;nan;4,31;3,91;-143,50;5,00;nan;144,29;144,92;NaN;-35,88;1,25;36,07;36,23;1,00;-0,99;-0,99;
4.8.2015 14:00;000,0;067,0;000,0;002,5;000,0;000,0;15131;2007614;10;112697;421;2940;0;0;0;0;0;0;0;;-51,25;-50,25;-43,50;5,00;-2,75;2,50;14411,00;13557,00;11789,00;3,59;3,71;3,71;;51,75;50,25;43,50;5,15;nan;nan;-145,25;5,00;nan;145,84;146,49;NaN;-36,31;1,25;36,46;36,62;1,00;-1,00;-0,99;
4.8.2015 14:15;000,4;033,3;000,0;001,1;000,0;000,1;15131;2007622;10;112698;421;2940;0;0;0;0;0;0;0;;1,75;0,00;0,75;0,00;0,00;-0,75;14188,00;13371,00;11643,00;0,14;0,04;0,10;;1,75;0,00;1,00;0,00;0,00;nan;2,75;-0,75;nan;3,75;4,06;NaN;0,69;-0,19;0,94;1,01;0,96;0,73;0,68;
4.8.2015 14:30;000,4;065,5;000,0;002,8;000,1;000,4;15131;2007639;10;112698;421;2940;0;0;0;0;0;0;0;;-137,25;-131,75;-116,25;15,00;-5,25;9,75;14080,00;13281,00;11758,00;9,82;9,95;9,93;;138,25;132,00;116,75;7,11;6,19;4,63;-385,50;19,50;17,93;387,16;388,34;38,68;-96,38;4,88;96,79;97,09;1,00;-1,00;-0,99;
4.8.2015 14:45;000,3;078,3;000,0;003,7;000,0;000,2;15131;2007659;10;112699;421;2940;0;0;0;0;0;0;0;;-109,50;-105,75;-91,50;12,50;-5,50;7,00;14199,00;13398,00;11650,00;7,77;7,92;7,89;;110,25;106,00;91,75;2,93;4,76;nan;-307,00;14,00;nan;308,33;309,48;NaN;-76,75;3,50;77,08;77,37;1,00;-1,00;-0,99;
4.8.2015 15:00;000,0;270,3;000,0;018,8;000,0;000,0;15131;2007727;10;112704;421;2940;0;0;0;0;0;0;0;;-229,50;-221,75;-191,00;31,50;-7,00;19,00;14190,00;13433,00;11669,00;16,34;16,53;16,47;;231,75;222,00;192,25;6,75;7,87;10,87;-642,50;43,50;25,49;646,17;648,39;71,18;-160,62;10,88;161,54;162,10;1,00;-0,99;-0,99;
4.8.2015 15:15;000,0;167,7;000,0;009,4;000,0;000,0;15131;2007769;10;112706;421;2940;0;0;0;0;0;0;0;;-169,75;-163,25;-141,25;21,25;-6,75;13,00;14181,00;13356,00;11633,00;12,09;12,26;12,22;;171,25;163,50;142,00;7,74;6,01;6,59;-474,75;27,25;20,34;477,30;479,03;54,13;-118,69;6,81;119,33;119,76;1,00;-0,99;-0,99;
