Cas;P+;P-;Q1;Q2;Q3;Q4;A+;A-;AQ1;AQ2;AQ3;AQ4;S;AP1;AP2;AP3;D1;D2;D3;;P1;P2;P3;Q1;Q2;Q3;U1;U2;U3;I1;I2;I3;;S1;S2;S3;D1;D2;D3;P;Q;D;Sa;Sr;N;AP++;AQ++;Asa++;Asr++;cosFi;P/Sa;P/Sr
 ;"1.5";"2.5";"5.5";"6.5";"7.5";"8.5";"1.8";"2.8";"5.8";"6.8";"7.8";"8.8";"9.8";"21.8";"41.8";"61.8";"181.5";"182.5";"183.5"
 ;[kW];[kW];[kvar];[kvar];[kvar];[kvar];[kWh];[kWh];[kvarh];[kvarh];[kvarh];[kvarh];[kVAh];[kWh];[kWh];[kWh];[kvar];[kvar];[kvar]; ;[kW];[kW];[kW];[kvar];[kvar];[kvar];[V];[V];[V];[A];[A];[A]; ;[kVA];[kVA];[kVA];[kvar];[kvar];kvar];[kW];[kvar];[kvar];[kVAh];[kVAh];[kvar];[kWh];[kvarh];[kVAh];[kVAh]
1.5.2015 00:00;000,8;000,0;000,0;000,0;000,0;000,0;14476;1831465;9;101940;412;2915;0;0;0;0;0;0;0;;1,00;0,00;0,75;0,00;0,00;0,00;13522,00;12324,00;13397,00;0,08;0,03;0,09;;1,00;0,00;1,00;0,00;0,00;0,66;1,75;0,00;0,66;2,62;2,75;2,02;0,44;0,00;0,66;0,69;1,00;0,67;0,64;
1.5.2015 00:15;000,7;000,0;000,0;000,0;000,0;000,0;14477;1831465;9;101940;412;2915;0;0;0;0;0;0;0;;1,00;0,00;0,75;0,00;0,00;0,00;13533,00;12321,00;13419,00;0,08;0,03;0,09;;1,00;0,00;1,00;0,00;0,00;0,66;1,75;0,00;0,66;2,59;2,71;1,96;0,44;0,00;0,65;0,68;1,00;0,68;0,65;
1.5.2015 00:30;000,8;000,0;000,0;000,0;000,0;000,0;14477;1831465;9;101940;412;2915;0;0;0;0;0;0;0;;1,00;0,00;0,75;0,00;0,00;0,00;13560,00;12329,00;13430,00;0,08;0,03;0,09;;1,00;0,00;1,00;0,00;0,00;0,66;1,75;0,00;0,66;2,59;2,72;1,97;0,44;0,00;0,65;0,68;1,00;0,67;0,64;
1.5.2015 00:45;000,7;000,0;000,0;000,0;000,0;000,0;14477;1831465;9;101940;412;2915;0;0;0;0;0;0;0;;1,00;0,00;0,75;0,00;0,00;0,00;13570,00;12313,00;13435,00;0,07;0,03;0,09;;1,00;0,00;1,00;0,00;0,00;0,66;1,75;0,00;0,66;2,56;2,68;1,92;0,44;0,00;0,64;0,67;1,00;0,68;0,65;
1.5.2015 01:00;000,7;000,0;000,0;000,0;000,0;000,0;14477;1831465;9;101940;412;2915;0;0;0;0;0;0;0;;1,00;0,00;0,75;0,00;0,00;0,00;13540,00;12339,00;13422,00;0,08;0,03;0,09;;1,00;0,00;1,00;0,00;0,00;0,66;1,75;0,00;0,66;2,59;2,71;1,97;0,44;0,00;0,65;0,68;1,00;0,68;0,64;
1.5.2015 01:15;000,8;000,0;000,0;000,0;000,0;000,0;14477;1831465;9;101940;412;2915;0;0;0;0;0;0;0;;1,00;0,00;0,75;0,00;0,00;0,00;13578,00;12364,00;13456,00;0,08;0,03;0,09;;1,00;0,00;1,00;0,00;0,00;0,66;1,75;0,00;0,66;2,60;2,72;1,98;0,44;0,00;0,65;0,68;1,00;0,67;0,64;
1.5.2015 01:30;000,7;000,0;000,0;000,0;000,0;000,0;14478;1831465;9;101940;412;2915;0;0;0;0;0;0;0;;1,00;0,00;0,75;0,00;0,00;0,00;13576,00;12321,00;13436,00;0,08;0,03;0,09;;1,00;0,00;1,00;0,00;0,00;0,66;1,75;0,00;0,66;2,59;2,72;1,97;0,44;0,00;0,65;0,68;1,00;0,67;0,64;
1.5.2015 01:45;000,8;000,0;000,0;000,0;000,0;000,0;14478;1831465;9;101940;412;2915;0;0;0;0;0;0;0;;1,00;0,00;0,75;0,00;0,00;0,00;13594,00;12320,00;13439,00;0,08;0,03;0,09;;1,00;0,00;1,00;0,00;0,00;0,66;1,75;0,00;0,66;2,60;2,72;1,97;0,44;0,00;0,65;0,68;1,00;0,67;0,64;
1.5.2015 02:00;000,7;000,0;000,0;000,0;000,0;000,0;14478;1831465;9;101940;412;2915;0;0;0;0;0;0;0;;1,00;0,00;0,75;0,00;0,00;0,00;13601,00;12377,00;13466,00;0,08;0,03;0,09;;1,00;0,00;1,00;0,00;0,00;0,66;1,75;0,00;0,66;2,63;2,77;2,04;0,44;0,00;0,66;0,69;1,00;0,66;0,63;
1.5.2015 02:15;000,8;000,0;000,0;000,0;000,0;000,0;14478;1831465;9;101940;412;2915;0;0;0;0;0;0;0;;1,00;0,00;0,75;0,00;0,00;0,00;13601,00;12372,00;13466,00;0,08;0,03;0,09;;1,00;0,00;1,00;0,00;0,00;0,66;1,75;0,00;0,66;2,63;2,76;2,04;0,44;0,00;0,66;0,69;1,00;0,66;0,63;
1.5.2015 02:30;000,8;000,0;000,0;000,0;000,0;000,0;14478;1831465;9;101940;412;2915;0;0;0;0;0;0;0;;1,00;0,00;0,75;0,00;0,00;0,00;13612,00;12365,00;13456,00;0,08;0,03;0,09;;1,00;0,00;1,00;0,00;0,00;0,66;1,75;0,00;0,66;2,63;2,76;2,04;0,44;0,00;0,66;0,69;1,00;0,66;0,63;
1.5.2015 02:45;000,7;000,0;000,0;000,0;000,0;000,0;14479;1831465;9;101940;412;2915;0;0;0;0;0;0;0;;1,00;0,00;0,75;0,00;0,00;0,00;13612,00;12380,00;13458,00;0,08;0,03;0,09;;1,00;0,00;1,00;0,00;0,00;0,66;1,75;0,00;0,66;2,63;2,77;2,04;0,44;0,00;0,66;0,69;1,00;0,66;0,63;
1.5.2015 03:00;000,8;000,0;000,0;000,0;000,0;000,0;14479;1831465;9;101940;412;2915;0;0;0;0;0;0;0;;1,00;0,00;0,75;0,00;0,00;0,00;13607,00;12373,00;13447,00;0,08;0,03;0,09;;1,00;0,00;1,00;0,00;0,00;0,66;1,75;0,00;0,66;2,60;2,72;1,98;0,44;0,00;0,65;0,68;1,00;0,67;0,64;
1.5.2015 03:15;000,7;000,0;000,0;000,0;000,0;000,0;14479;1831465;9;101940;412;2915;0;0;0;0;0;0;0;;1,00;0,00;0,75;0,00;0,00;0,00;13623,00;12378,00;13454,00;0,08;0,03;0,09;;1,00;0,00;1,00;0,00;0,00;0,66;1,75;0,00;0,66;2,60;2,73;1,98;0,44;0,00;0,65;0,68;1,00;0,67;0,64;
1.5.2015 03:30;000,8;000,0;000,0;000,0;000,0;000,0;14479;1831465;9;101940;412;2915;0;0;0;0;0;0;0;;1,00;0,00;0,75;0,00;0,00;0,00;13628,00;12386,00;13457,00;0,08;0,03;0,09;;1,00;0,00;1,00;0,00;0,00;0,66;1,75;0,00;0,66;2,60;2,73;1,98;0,44;0,00;0,65;0,68;1,00;0,67;0,64;
1.5.2015 03:45;000,7;000,0;000,0;000,0;000,0;000,0;14479;1831465;9;101940;412;2915;0;0;0;0;0;0;0;;1,00;0,00;0,75;0,00;0,00;0,00;13637,00;12390,00;13456,00;0,08;0,03;0,09;;1,00;0,00;1,00;0,00;0,00;0,66;1,75;0,00;0,66;2,64;2,77;2,04;0,44;0,00;0,66;0,69;1,00;0,66;0,63;
1.5.2015 04:00;000,8;000,0;000,0;000,0;000,0;000,0;14479;1831465;9;101940;412;2915;0;0;0;0;0;0;0;;1,00;0,00;0,75;0,00;0,00;0,00;13620,00;12394,00;13452,00;0,08;0,03;0,09;;1,00;0,00;1,00;0,00;0,00;0,66;1,75;0,00;0,66;2,60;2,73;1,98;0,44;0,00;0,65;0,68;1,00;0,67;0,64;
1.5.2015 04:15;000,7;000,0;000,0;000,0;000,0;000,0;14480;1831465;9;101940;412;2915;0;0;0;0;0;0;0;;1,00;0,00;0,75;0,00;0,00;0,00;13600,00;12386,00;13428,00;0,08;0,03;0,09;;1,00;0,00;1,00;0,00;0,00;0,66;1,75;0,00;0,66;2,63;2,76;2,03;0,44;0,00;0,66;0,69;1,00;0,67;0,63;
1.5.2015 04:30;000,8;000,0;000,0;000,0;000,0;000,0;14480;1831465;9;101940;412;2915;0;0;0;0;0;0;0;;1,00;0,00;0,75;0,00;0,00;0,00;13618,00;12371,00;13421,00;0,08;0,03;0,09;;1,00;0,00;1,00;0,00;0,00;0,66;1,75;0,00;0,66;2,63;2,76;2,03;0,44;0,00;0,66;0,69;1,00;0,66;0,63;
1.5.2015 04:45;000,8;000,0;000,0;000,0;000,0;000,0;14480;1831465;9;101940;412;2915;0;0;0;0;0;0;0;;1,00;0,00;0,75;0,00;0,00;0,00;13634,00;12400,00;13438,00;0,08;0,03;0,09;;1,00;0,00;1,00;0,00;0,00;0,66;1,75;0,00;0,66;2,64;2,77;2,04;0,44;0,00;0,66;0,69;1,00;0,66;0,63;
1.5.2015 05:00;000,7;000,0;000,0;000,0;000,0;000,0;14480;1831465;9;101940;412;2915;0;0;0;0;0;0;0;;1,00;0,00;0,75;0,00;0,00;0,00;13631,00;12414,00;13438,00;0,08;0,03;0,09;;1,00;0,00;1,00;0,00;0,00;0,66;1,75;0,00;0,66;2,60;2,73;1,98;0,44;0,00;0,65;0,68;1,00;0,67;0,64;
1.5.2015 05:15;000,8;000,0;000,0;000,0;000,0;000,0;14480;1831465;9;101940;412;2915;0;0;0;0;0;0;0;;1,00;0,00;0,75;0,00;0,00;0,00;13650,00;12416,00;13445,00;0,08;0,03;0,09;;1,00;0,00;1,00;0,00;0,00;0,66;1,75;0,00;0,66;2,60;2,73;1,99;0,44;0,00;0,65;0,68;1,00;0,67;0,64;
1.5.2015 05:30;000,7;000,0;000,0;000,0;000,0;000,0;14481;1831465;9;101940;412;2915;0;0;0;0;0;0;0;;1,00;0,00;0,75;0,00;0,00;0,00;13504,00;12293,00;13305,00;0,08;0,03;0,09;;1,00;0,00;1,00;0,00;0,00;0,66;1,75;0,00;0,66;2,58;2,70;1,95;0,44;0,00;0,64;0,68;1,00;0,68;0,65;
1.5.2015 05:45;000,3;001,5;000,0;000,0;000,0;000,1;14481;1831466;9;101940;412;2915;0;0;0;0;0;0;0;;-2,75;-3,25;-3,25;0,00;0,00;0,00;13604,00;12340,00;13389,00;0,23;0,28;0,26;;3,00;3,25;3,25;1,20;0,00;0,00;-9,50;0,00;1,20;10,04;10,10;3,20;-2,38;0,00;2,51;2,52;1,00;-0,95;-0,94;
1.5.2015 06:00;000,0;006,9;000,0;000,0;000,0;000,0;14481;1831468;9;101940;412;2915;0;0;0;0;0;0;0;;-9,25;-9,00;-9,50;0,00;0,00;0,00;13573,00;12320,00;13380,00;0,69;0,75;0,73;;9,25;9,00;9,75;0,00;0,00;2,19;-28,25;0,00;2,19;28,35;28,41;2,10;-7,06;0,00;7,09;7,10;1,00;-1,00;-0,99;
1.5.2015 06:15;000,0;016,6;000,0;000,0;000,0;000,0;14481;1831472;9;101940;412;2915;0;0;0;0;0;0;0;;-20,75;-19,50;-21,00;0,00;0,00;1,00;13563,00;12305,00;13392,00;1,54;1,60;1,58;;20,75;19,50;21,00;0,00;0,00;nan;-61,50;1,00;nan;61,80;61,90;NaN;-15,38;0,25;15,45;15,47;1,00;-1,00;-0,99;
1.5.2015 06:30;000,0;033,7;000,0;001,1;000,0;000,0;14481;1831480;9;101940;412;2915;0;0;0;0;0;0;0;;-39,25;-36,50;-39,50;0,00;1,50;2,75;13552,00;12312,00;13414,00;2,91;2,99;2,96;;39,25;36,75;39,50;0,00;4,01;nan;-115,50;4,25;nan;115,83;115,98;NaN;-28,88;1,06;28,96;29,00;1,00;-1,00;-1,00;
1.5.2015 06:45;000,0;041,6;000,0;001,6;000,0;000,0;14481;1831491;9;101941;412;2915;0;0;0;0;0;0;0;;-35,50;-33,00;-35,75;0,00;1,25;2,25;13548,00;12309,00;13414,00;2,63;2,70;2,68;;35,50;33,25;35,75;0,00;3,87;nan;-104,50;3,75;nan;104,75;104,89;NaN;-26,12;0,94;26,19;26,22;1,00;-1,00;-1,00;
1.5.2015 07:00;000,0;032,0;000,0;001,1;000,0;000,0;14481;1831499;9;101941;412;2915;0;0;0;0;0;0;0;;-37,50;-34,75;-37,50;0,00;1,25;2,50;13526,00;12277,00;13382,00;2,78;2,85;2,82;;37,50;34,75;37,50;0,00;nan;nan;-110,00;4,00;nan;110,30;110,44;NaN;-27,50;1,00;27,57;27,61;1,00;-1,00;-1,00;
1.5.2015 07:15;000,0;070,0;000,0;003,1;000,0;000,0;14481;1831516;9;101942;412;2915;0;0;0;0;0;0;0;;-73,25;-67,50;-72,75;0,00;3,50;6,50;13677,00;12447,00;13551,00;5,36;5,44;5,40;;73,25;67,50;73,25;0,00;nan;5,55;-213,75;10,25;nan;214,20;214,44;NaN;-53,44;2,56;53,55;53,61;1,00;-1,00;-1,00;
1.5.2015 07:30;000,0;045,1;000,0;001,8;000,0;000,0;14481;1831528;9;101942;412;2915;0;0;0;0;0;0;0;;-59,25;-55,00;-59,00;0,00;2,75;4,75;13686,00;12448,00;13552,00;4,34;4,43;4,39;;59,25;55,00;59,25;0,00;nan;2,65;-173,50;7,50;nan;173,97;174,18;NaN;-43,38;1,88;43,49;43,55;1,00;-1,00;-1,00;
1.5.2015 07:45;000,0;110,0;000,0;006,5;000,0;000,0;14481;1831555;9;101944;412;2915;0;0;0;0;0;0;0;;-107,75;-99,75;-107,25;2,25;6,75;10,75;13656,00;12441,00;13543,00;7,90;8,05;7,98;;107,75;100,00;108,00;nan;2,09;6,77;-315,00;20,25;nan;316,01;316,38;NaN;-78,75;5,06;79,00;79,09;1,00;-1,00;-1,00;
1.5.2015 08:00;000,0;130,5;000,0;008,5;000,0;000,0;14481;1831588;9;101946;412;2915;0;0;0;0;0;0;0;;-105,50;-97,25;-105,00;2,00;6,50;10,75;13673,00;12416,00;13538,00;7,72;7,86;7,80;;105,50;97,50;105,50;nan;2,54;nan;-308,00;19,50;nan;308,81;309,18;NaN;-77,00;4,88;77,20;77,30;1,00;-1,00;-1,00;
1.5.2015 08:15;000,0;067,2;000,0;003,1;000,0;000,0;14481;1831604;9;101947;412;2915;0;0;0;0;0;0;0;;-54,50;-50,25;-54,25;0,00;2,25;4,50;13678,00;12427,00;13531,00;4,00;4,06;4,04;;54,50;50,25;54,50;0,00;nan;2,63;-159,25;7,00;nan;159,73;159,91;NaN;-39,81;1,75;39,93;39,98;1,00;-1,00;-1,00;
1.5.2015 08:30;000,0;092,4;000,0;005,0;000,0;000,0;14481;1831628;9;101948;412;2915;0;0;0;0;0;0;0;;-59,25;-54,75;-59,25;0,00;2,75;5,00;13641,00;12414,00;13517,00;4,36;4,43;4,41;;59,25;54,75;59,50;0,00;nan;2,17;-173,50;7,75;nan;174,01;174,21;NaN;-43,38;1,94;43,50;43,55;1,00;-1,00;-1,00;
1.5.2015 08:45;000,0;036,1;000,0;001,3;000,0;000,0;14481;1831636;9;101948;412;2915;0;0;0;0;0;0;0;;-18,25;-17,25;-18,50;0,00;0,00;1,00;13624,00;12383,00;13494,00;1,36;1,40;1,39;;18,25;17,25;18,75;0,00;0,00;2,88;-54,25;1,00;2,88;54,56;54,63;5,67;-13,56;0,25;13,64;13,66;1,00;-0,99;-0,99;
1.5.2015 09:00;000,0;043,5;000,0;001,7;000,0;000,0;14481;1831647;9;101949;412;2915;0;0;0;0;0;0;0;;-54,50;-50,50;-54,50;0,00;2,50;4,25;13649,00;12370,00;13505,00;4,00;4,10;4,06;;54,50;50,50;54,75;0,00;nan;3,04;-159,75;7,00;nan;160,18;160,40;NaN;-39,94;1,75;40,04;40,10;1,00;-1,00;-1,00;
1.5.2015 09:15;000,0;086,0;000,0;004,3;000,0;000,0;14481;1831669;9;101950;412;2915;0;0;0;0;0;0;0;;-95,00;-87,25;-94,50;1,25;5,50;9,50;13510,00;12287,00;13393,00;7,04;7,13;7,10;;95,00;87,50;95,00;nan;3,67;2,12;-277,00;16,50;nan;277,71;278,01;NaN;-69,25;4,12;69,43;69,50;1,00;-1,00;-1,00;
1.5.2015 09:30;000,0;132,7;000,0;008,7;000,0;000,0;14481;1831702;9;101952;412;2915;0;0;0;0;0;0;0;;-95,00;-87,75;-95,00;1,25;5,75;9,25;13474,00;12279,00;13361,00;7,06;7,17;7,14;;95,00;88,00;95,25;nan;3,30;nan;-277,75;16,50;nan;278,63;278,93;NaN;-69,44;4,12;69,66;69,73;1,00;-1,00;-1,00;
1.5.2015 09:45;000,0;116,5;000,0;007,2;000,0;000,0;14481;1831731;9;101954;412;2915;0;0;0;0;0;0;0;;-72,25;-67,25;-72,75;-2,25;1,25;3,50;13490,00;12288,00;13385,00;5,38;5,48;5,46;;72,50;67,25;73,00;5,58;nan;4,92;-212,75;2,75;nan;212,96;213,21;NaN;-53,19;0,69;53,24;53,30;1,00;-1,00;-1,00;
1.5.2015 10:00;000,0;148,2;000,0;007,3;000,0;000,0;14481;1831769;9;101956;412;2915;0;0;0;0;0;0;0;;-111,00;-101,75;-110,50;0,00;5,00;10,00;13657,00;12432,00;13537,00;8,14;8,21;8,21;;111,00;102,00;111,00;0,00;5,09;3,28;-323,75;15,00;8,37;324,44;324,76;18,90;-80,94;3,75;81,11;81,19;1,00;-1,00;-1,00;
1.5.2015 10:15;000,0;147,9;000,0;007,3;000,0;000,0;14481;1831806;9;101958;412;2915;0;0;0;0;0;0;0;;-153,50;-141,25;-152,75;1,50;8,25;14,75;13663,00;12463,00;13552,00;11,24;11,36;11,33;;153,50;141,50;153,50;nan;1,62;3,48;-447,75;24,75;nan;448,80;449,24;NaN;-111,94;6,19;112,20;112,31;1,00;-1,00;-1,00;
1.5.2015 10:30;000,0;208,3;000,0;012,5;000,0;000,0;14481;1831858;9;101961;412;2915;0;0;0;0;0;0;0;;-139,50;-128,50;-139,00;0,00;7,00;12,75;13642,00;12457,00;13533,00;10,24;10,33;10,32;;139,75;128,75;139,50;8,36;3,91;nan;-407,25;20,00;nan;408,10;408,48;NaN;-101,81;5,00;102,02;102,12;1,00;-1,00;-1,00;
1.5.2015 10:45;000,0;171,9;000,0;009,3;000,0;000,0;14481;1831901;9;101963;412;2915;0;0;0;0;0;0;0;;-143,25;-131,75;-142,50;0,75;7,25;13,25;13665,00;12472,00;13549,00;10,49;10,59;10,57;;143,25;132,00;143,25;nan;3,66;6,22;-417,75;21,75;nan;418,67;419,07;NaN;-104,44;5,44;104,67;104,77;1,00;-1,00;-1,00;
1.5.2015 11:00;000,0;177,0;000,0;009,7;000,0;000,0;14481;1831945;9;101965;412;2915;0;0;0;0;0;0;0;;-154,00;-141,50;-153,00;1,50;8,00;14,75;13687,00;12449,00;13545,00;11,25;11,39;11,35;;154,00;141,75;153,75;nan;2,61;3,54;-448,50;24,50;nan;449,51;449,98;NaN;-112,12;6,12;112,38;112,50;1,00;-1,00;-1,00;
1.5.2015 11:15;000,0;148,5;000,0;007,5;000,0;000,0;14481;1831982;9;101967;412;2915;0;0;0;0;0;0;0;;-118,00;-109,00;-117,75;0,00;5,75;10,25;13649,00;12470,00;13528,00;8,65;8,76;8,75;;118,00;109,25;118,25;0,00;4,64;3,60;-345,00;16,25;8,23;345,67;346,00;19,04;-86,25;4,06;86,42;86,50;1,00;-1,00;-1,00;
1.5.2015 11:30;000,0;095,2;000,0;004,0;000,0;000,1;14481;1832006;9;101968;412;2915;0;0;0;0;0;0;0;;-63,00;-58,25;-63,00;0,00;2,75;5,25;13678,00;12469,00;13561,00;4,62;4,69;4,67;;63,00;58,25;63,25;0,00;nan;2,00;-184,50;8,25;nan;184,94;185,13;NaN;-46,12;2,06;46,23;46,28;1,00;-1,00;-1,00;
1.5.2015 11:45;000,0;070,8;000,0;003,2;000,0;000,0;14481;1832023;9;101969;412;2915;0;0;0;0;0;0;0;;-76,50;-71,00;-76,50;0,00;4,00;6,75;13659,00;12445,00;13536,00;5,62;5,73;5,69;;76,50;71,25;77,00;0,00;4,42;5,58;-224,50;11,00;10,01;225,09;225,35;12,78;-56,12;2,75;56,27;56,34;1,00;-1,00;-1,00;
1.5.2015 12:00;000,0;088,6;000,0;004,4;000,0;000,0;14481;1832045;9;101970;412;2915;0;0;0;0;0;0;0;;-76,75;-71,00;-76,50;0,00;4,00;7,00;13662,00;12464,00;13539,00;5,63;5,71;5,69;;76,75;71,00;77,00;0,00;nan;5,27;-224,50;11,00;nan;225,19;225,42;NaN;-56,12;2,75;56,30;56,36;1,00;-1,00;-1,00;
1.5.2015 12:15;000,0;145,6;000,0;008,4;000,0;000,0;14481;1832083;9;101972;412;2915;0;0;0;0;0;0;0;;-233,00;-213,25;-230,50;5,00;14,75;25,75;13701,00;12481,00;13565,00;17,02;17,14;17,11;;233,25;213,75;232,00;9,57;nan;5,54;-677,25;45,75;nan;679,38;680,02;NaN;-169,31;11,44;169,85;170,01;1,00;-1,00;-1,00;
1.5.2015 12:30;000,0;199,6;000,0;012,3;000,0;000,0;14481;1832132;9;101975;412;2915;0;0;0;0;0;0;0;;-97,00;-89,75;-97,00;0,00;4,50;8,00;13528,00;12336,00;13401,00;7,19;7,29;7,28;;97,00;89,75;97,50;0,00;nan;5,77;-284,00;12,50;nan;284,68;284,98;NaN;-71,00;3,12;71,17;71,25;1,00;-1,00;-1,00;
1.5.2015 12:45;000,0;140,8;000,0;007,1;000,0;000,0;14481;1832168;9;101977;412;2915;0;0;0;0;0;0;0;;-249,25;-229,00;-247,75;6,50;17,00;28,00;13548,00;12335,00;13422,00;18,42;18,63;18,58;;249,50;229,75;249,25;9,08;7,42;nan;-726,25;51,75;nan;728,67;729,42;NaN;-181,56;12,94;182,17;182,35;1,00;-1,00;-1,00;
1.5.2015 13:00;000,0;168,5;000,0;009,2;000,0;000,0;14481;1832209;9;101979;412;2915;0;0;0;0;0;0;0;;-116,25;-106,75;-115,75;0,00;5,50;10,25;13547,00;12346,00;13425,00;8,59;8,67;8,66;;116,25;107,00;116,25;0,00;4,82;3,31;-339,00;15,75;8,12;339,71;340,03;19,65;-84,75;3,94;84,93;85,01;1,00;-1,00;-1,00;
1.5.2015 13:15;000,0;253,2;000,0;017,2;000,0;000,0;14481;1832273;9;101984;412;2915;0;0;0;0;0;0;0;;-268,50;-246,50;-266,75;7,50;19,25;30,75;13502,00;12288,00;13378,00;19,91;20,13;20,07;;268,75;247,25;268,50;8,84;nan;nan;-782,00;57,75;nan;784,74;785,55;NaN;-195,50;14,44;196,19;196,39;1,00;-1,00;-1,00;
1.5.2015 13:30;000,0;131,0;000,0;006,7;000,0;000,0;14481;1832305;9;101985;412;2915;0;0;0;0;0;0;0;;-108,25;-99,25;-107,75;0,00;4,75;9,50;13515,00;12303,00;13397,00;8,02;8,08;8,08;;108,25;99,25;108,25;0,00;nan;4,21;-315,25;14,50;nan;316,01;316,32;NaN;-78,81;3,62;79,00;79,08;1,00;-1,00;-1,00;
1.5.2015 13:45;000,0;170,2;000,0;009,2;000,0;000,0;14481;1832348;9;101988;412;2915;0;0;0;0;0;0;0;;-124,50;-114,75;-124,25;0,00;6,25;11,00;13503,00;12306,00;13390,00;9,23;9,35;9,33;;124,50;115,00;124,75;0,00;4,29;1,87;-364,00;17,50;6,16;364,72;365,10;21,32;-91,00;4,38;91,18;91,27;1,00;-1,00;-1,00;
1.5.2015 14:00;000,0;167,8;000,0;009,2;000,0;000,0;14481;1832390;9;101990;412;2915;0;0;0;0;0;0;0;;-151,50;-139,50;-150,75;1,25;8,25;14,25;13581,00;12401,00;13462,00;11,16;11,28;11,27;;151,50;139,75;151,50;nan;1,32;4,86;-442,00;24,25;nan;443,16;443,58;NaN;-110,50;6,06;110,79;110,90;1,00;-1,00;-1,00;
1.5.2015 14:15;000,0;208,6;000,0;012,9;000,0;000,0;14481;1832442;9;101993;412;2915;0;0;0;0;0;0;0;;-99,25;-91,25;-98,75;0,00;4,25;8,25;13559,00;12358,00;13431,00;7,33;7,40;7,40;;99,25;91,25;99,25;0,00;nan;5,56;-289,50;12,75;nan;290,22;290,50;NaN;-72,38;3,19;72,56;72,63;1,00;-1,00;-1,00;
1.5.2015 14:29;000,0;132,6;000,0;006,5;000,0;000,0;14481;1832476;9;101995;412;2915;0;0;0;0;0;0;0;;-247,75;-226,50;-245,25;5,75;16,25;27,75;13576,00;12358,00;13439,00;18,26;18,40;18,38;;247,75;227,25;246,75;nan;8,73;nan;-719,75;50,25;nan;722,20;722,89;NaN;-179,94;12,56;180,55;180,72;1,00;-1,00;-1,00;
1.5.2015 14:30;000,0;132,6;000,0;006,5;000,0;000,0;14481;1832479;9;101995;412;2915;0;0;0;0;0;0;0;;-247,75;-226,50;-245,25;6,00;16,50;27,75;13574,00;12356,00;13438,00;18,27;18,40;18,37;;247,75;227,25;246,75;nan;8,25;nan;-719,75;50,50;nan;722,14;722,83;NaN;-179,94;12,62;180,53;180,71;1,00;-1,00;-1,00;
1.5.2015 14:45;000,0;169,6;000,0;009,3;000,0;000,0;14481;1832518;9;101997;412;2915;0;0;0;0;0;0;0;;-243,25;-223,50;-241,50;6,25;16,75;27,00;13582,00;12369,00;13438,00;17,93;18,14;18,09;;243,50;224,25;243,00;9,09;7,43;nan;-708,75;50,00;nan;711,03;711,75;NaN;-177,19;12,50;177,76;177,94;1,00;-1,00;-1,00;
1.5.2015 15:00;000,0;143,6;000,0;007,5;000,0;000,0;14481;1832553;9;101999;412;2915;0;0;0;0;0;0;0;;-83,50;-77,75;-84,00;0,00;4,00;6,25;13568,00;12388,00;13445,00;6,16;6,31;6,27;;83,50;78,00;84,25;0,00;4,79;1,73;-245,50;10,25;6,52;246,09;246,37;16,73;-61,38;2,56;61,52;61,59;1,00;-1,00;-1,00;
1.5.2015 15:15;000,0;088,8;000,0;004,3;000,0;000,0;14481;1832575;9;102000;412;2915;0;0;0;0;0;0;0;;-79,00;-72,75;-78,50;0,00;4,00;7,25;13569,00;12375,00;13443,00;5,82;5,90;5,87;;79,00;73,00;78,75;0,00;4,52;nan;-230,50;11,25;nan;230,96;231,20;NaN;-57,62;2,81;57,74;57,80;1,00;-1,00;-1,00;
1.5.2015 15:30;000,0;067,4;000,0;003,0;000,0;000,0;14481;1832592;9;102001;412;2915;0;0;0;0;0;0;0;;-41,75;-38,75;-41,75;0,00;1,50;3,00;13563,00;12359,00;13424,00;3,10;3,15;3,14;;42,00;38,75;42,00;4,58;nan;3,46;-122,75;4,75;nan;123,06;123,19;NaN;-30,69;1,19;30,77;30,80;1,00;-1,00;-1,00;
1.5.2015 15:45;000,0;062,9;000,0;002,8;000,0;000,0;14481;1832608;9;102002;412;2915;0;0;0;0;0;0;0;;-72,00;-66,75;-72,00;0,00;3,75;6,25;13569,00;12360,00;13442,00;5,31;5,42;5,39;;72,00;66,75;72,25;0,00;nan;nan;-211,00;10,00;nan;211,53;211,77;NaN;-52,75;2,50;52,88;52,94;1,00;-1,00;-1,00;
1.5.2015 16:00;000,0;060,8;000,0;002,7;000,0;000,0;14481;1832623;9;102002;412;2915;0;0;0;0;0;0;0;;-27,25;-25,25;-27,50;0,00;1,00;1,50;13563,00;12380,00;13443,00;2,01;2,06;2,05;;27,25;25,50;27,50;0,00;3,42;nan;-80,25;2,75;nan;80,33;80,42;NaN;-20,06;0,69;20,08;20,10;1,00;-1,00;-1,00;
1.5.2015 16:15;000,0;024,1;000,0;000,4;000,0;000,0;14481;1832629;9;102002;412;2915;0;0;0;0;0;0;0;;-21,00;-19,75;-21,25;0,00;0,00;1,00;13669,00;12454,00;13530,00;1,55;1,60;1,59;;21,00;19,75;21,50;0,00;0,00;3,11;-62,50;1,00;3,11;62,66;62,74;4,44;-15,62;0,25;15,67;15,69;1,00;-1,00;-1,00;
1.5.2015 16:30;000,0;029,5;000,0;000,9;000,0;000,0;14481;1832636;9;102003;412;2915;0;0;0;0;0;0;0;;-32,00;-29,75;-32,25;0,00;1,00;2,00;13674,00;12445,00;13536,00;2,35;2,40;2,39;;32,00;29,75;32,25;0,00;nan;nan;-94,00;3,25;nan;94,35;94,47;NaN;-23,50;0,81;23,59;23,62;1,00;-1,00;-1,00;
1.5.2015 16:45;000,0;030,7;000,0;001,0;000,0;000,0;14481;1832644;9;102003;412;2915;0;0;0;0;0;0;0;;-24,00;-22,50;-24,25;0,00;0,75;1,25;13656,00;12442,00;13516,00;1,77;1,82;1,81;;24,00;22,50;24,25;0,00;nan;nan;-71,00;2,00;nan;71,21;71,30;NaN;-17,75;0,50;17,80;17,83;1,00;-1,00;-1,00;
1.5.2015 17:00;000,0;023,0;000,0;000,4;000,0;000,0;14481;1832650;9;102003;412;2915;0;0;0;0;0;0;0;;-15,25;-14,75;-15,75;0,00;0,00;0,00;13672,00;12437,00;13541,00;1,12;1,20;1,19;;15,25;14,75;16,00;0,00;0,00;2,82;-46,00;0,00;2,82;46,38;46,49;6,08;-11,50;0,00;11,59;11,62;1,00;-0,99;-0,99;
1.5.2015 17:15;000,0;015,8;000,0;000,0;000,0;000,0;14481;1832654;9;102003;412;2915;0;0;0;0;0;0;0;;-12,75;-12,25;-13,25;0,00;0,00;0,00;13636,00;12421,00;13503,00;0,95;1,00;0,99;;12,75;12,25;13,25;0,00;0,00;0,00;-38,50;0,00;0,00;38,74;38,81;4,90;-9,62;0,00;9,69;9,70;1,00;-0,99;-0,99;
1.5.2015 17:30;000,0;012,6;000,0;000,0;000,0;000,0;14481;1832657;9;102003;412;2915;0;0;0;0;0;0;0;;-9,25;-9,00;-9,75;0,00;0,00;0,00;13645,00;12442,00;13522,00;0,69;0,75;0,73;;9,50;9,25;9,75;2,17;2,14;0,00;-28,50;0,00;4,30;28,66;28,72;NaN;-7,12;0,00;7,16;7,18;1,00;-0,99;-0,99;
1.5.2015 17:45;000,0;021,0;000,0;000,4;000,0;000,0;14481;1832662;9;102003;412;2915;0;0;0;0;0;0;0;;-25,50;-24,00;-25,75;0,00;0,75;1,25;13634,00;12426,00;13514,00;1,88;1,94;1,91;;25,50;24,00;25,75;0,00;nan;nan;-75,25;2,25;nan;75,58;75,69;NaN;-18,81;0,56;18,90;18,92;1,00;-1,00;-0,99;
1.5.2015 18:00;000,0;016,6;000,0;000,1;000,0;000,0;14481;1832666;9;102003;412;2915;0;0;0;0;0;0;0;;-9,50;-9,25;-10,00;0,00;0,00;0,00;13649,00;12409,00;13513,00;0,71;0,75;0,75;;9,50;9,25;10,00;0,00;0,00;0,00;-28,75;0,00;0,00;29,06;29,12;4,65;-7,19;0,00;7,26;7,28;1,00;-0,99;-0,99;
1.5.2015 18:15;000,0;011,0;000,0;000,0;000,0;000,0;14481;1832669;9;102003;412;2915;0;0;0;0;0;0;0;;-6,75;-6,75;-7,25;0,00;0,00;0,00;13657,00;12434,00;13526,00;0,51;0,57;0,56;;7,00;7,00;7,50;1,85;1,85;1,92;-21,25;0,00;5,63;21,60;21,66;NaN;-5,31;0,00;5,40;5,42;1,00;-0,98;-0,98;
1.5.2015 18:30;000,0;006,9;000,0;000,0;000,0;000,0;14481;1832671;9;102003;412;2915;0;0;0;0;0;0;0;;-2,75;-3,00;-3,25;0,00;0,00;0,00;13670,00;12448,00;13549,00;0,22;0,27;0,26;;2,75;3,25;3,50;0,00;1,25;1,30;-9,25;0,00;2,55;9,82;9,90;2,44;-2,31;0,00;2,46;2,47;1,00;-0,94;-0,93;
1.5.2015 18:45;000,0;002,9;000,0;000,0;000,0;000,0;14481;1832671;9;102003;412;2915;0;0;0;0;0;0;0;;0,00;-1,25;-1,00;0,00;0,00;-0,75;13621,00;12402,00;13500,00;0,06;0,12;0,12;;0,00;1,50;1,50;0,00;0,83;0,83;-2,50;-0,75;1,66;3,96;4,15;2,77;-0,62;-0,19;0,99;1,04;0,96;-0,63;-0,60;
1.5.2015 19:00;000,0;003,2;000,0;000,0;000,1;000,0;14481;1832672;9;102003;412;2915;0;0;0;0;0;0;0;;-3,25;-3,50;-3,75;0,00;0,00;0,00;13653,00;12404,00;13487,00;0,25;0,30;0,29;;3,25;3,50;3,75;0,00;0,00;0,00;-10,75;0,00;0,00;11,01;11,08;2,68;-2,69;0,00;2,75;2,77;1,00;-0,98;-0,97;
1.5.2015 19:15;000,0;002,2;000,0;000,0;000,0;000,0;14481;1832673;9;102003;412;2915;0;0;0;0;0;0;0;;0,75;0,00;0,00;0,00;0,00;0,00;13663,00;12389,00;13460,00;0,09;0,05;0,07;;1,00;0,00;0,00;0,66;0,00;0,00;0,75;0,00;0,66;2,76;2,79;2,61;0,19;0,00;0,69;0,70;1,00;0,27;0,27;
1.5.2015 19:30;000,8;000,0;000,0;000,0;000,0;000,1;14481;1832673;9;102003;412;2915;0;0;0;0;0;0;0;;0,75;0,00;0,75;0,00;0,00;0,00;13627,00;12425,00;13418,00;0,07;0,03;0,08;;1,00;0,00;1,00;0,66;0,00;0,66;1,75;0,00;1,32;2,50;2,61;1,42;0,44;0,00;0,62;0,65;1,00;0,70;0,67;
1.5.2015 19:45;000,7;000,0;000,0;000,0;000,0;000,0;14481;1832673;9;102003;412;2915;0;0;0;0;0;0;0;;1,00;0,00;0,75;0,00;0,00;0,00;13630,00;12407,00;13416,00;0,07;0,03;0,09;;1,00;0,00;1,00;0,00;0,00;0,66;1,75;0,00;0,66;2,57;2,69;1,93;0,44;0,00;0,64;0,67;1,00;0,68;0,65;
1.5.2015 20:00;000,8;000,0;000,0;000,0;000,0;000,1;14481;1832673;9;102003;412;2915;0;0;0;0;0;0;0;;1,00;0,00;0,75;0,00;0,00;0,00;13618,00;12379,00;13362,00;0,07;0,03;0,09;;1,00;0,00;1,00;0,00;0,00;0,66;1,75;0,00;0,66;2,56;2,68;1,92;0,44;0,00;0,64;0,67;1,00;0,68;0,65;
1.5.2015 20:15;000,7;000,0;000,0;000,0;000,0;000,0;14481;1832673;9;102003;412;2915;0;0;0;0;0;0;0;;0,75;0,00;0,75;0,00;0,00;0,00;13615,00;12378,00;13350,00;0,07;0,03;0,08;;1,00;0,00;1,00;0,66;0,00;0,66;1,75;0,00;1,32;2,52;2,64;1,47;0,44;0,00;0,63;0,66;1,00;0,69;0,66;
1.5.2015 20:30;000,8;000,0;000,0;000,0;000,0;000,0;14482;1832673;9;102003;412;2915;0;0;0;0;0;0;0;;0,75;0,00;0,75;0,00;0,00;0,00;13592,00;12384,00;13348,00;0,07;0,03;0,09;;1,00;0,00;1,00;0,66;0,00;0,66;1,75;0,00;1,32;2,56;2,68;1,54;0,44;0,00;0,64;0,67;1,00;0,68;0,65;
1.5.2015 20:45;000,7;000,0;000,0;000,0;000,0;000,0;14482;1832673;9;102003;412;2915;0;0;0;0;0;0;0;;1,00;0,00;0,75;0,00;0,00;0,00;13603,00;12374,00;13343,00;0,07;0,03;0,09;;1,00;0,00;1,00;0,00;0,00;0,66;1,75;0,00;0,66;2,56;2,68;1,92;0,44;0,00;0,64;0,67;1,00;0,68;0,65;
1.5.2015 21:00;000,7;000,0;000,0;000,0;000,0;000,0;14482;1832673;9;102003;412;2915;0;0;0;0;0;0;0;;1,00;0,00;0,75;0,00;0,00;0,00;13605,00;12385,00;13376,00;0,07;0,03;0,09;;1,00;0,00;1,00;0,00;0,00;0,66;1,75;0,00;0,66;2,56;2,68;1,92;0,44;0,00;0,64;0,67;1,00;0,68;0,65;
1.5.2015 21:15;000,8;000,0;000,0;000,0;000,0;000,0;14482;1832673;9;102003;412;2915;0;0;0;0;0;0;0;;0,75;0,00;0,75;0,00;0,00;0,00;13614,00;12369,00;13378,00;0,07;0,03;0,08;;1,00;0,00;1,00;0,66;0,00;0,66;1,75;0,00;1,32;2,49;2,61;1,40;0,44;0,00;0,62;0,65;1,00;0,70;0,67;
1.5.2015 21:30;000,7;000,0;000,0;000,0;000,0;000,0;14482;1832673;9;102003;412;2915;0;0;0;0;0;0;0;;1,00;0,00;0,75;0,00;0,00;0,00;13644,00;12441,00;13379,00;0,07;0,03;0,09;;1,00;0,00;1,00;0,00;0,00;0,66;1,75;0,00;0,66;2,56;2,69;1,93;0,44;0,00;0,64;0,67;1,00;0,68;0,65;
1.5.2015 21:45;000,7;000,0;000,0;000,0;000,0;000,0;14483;1832673;9;102003;412;2915;0;0;0;0;0;0;0;;1,00;0,00;0,75;0,00;0,00;0,00;13685,00;12435,00;13405,00;0,07;0,03;0,09;;1,00;0,00;1,00;0,00;0,00;0,66;1,75;0,00;0,66;2,57;2,69;1,94;0,44;0,00;0,64;0,67;1,00;0,68;0,65;
1.5.2015 22:00;000,8;000,0;000,0;000,0;000,0;000,0;14483;1832673;9;102003;412;2915;0;0;0;0;0;0;0;;1,00;0,00;0,75;0,00;0,00;0,00;13691,00;12449,00;13361,00;0,07;0,03;0,09;;1,00;0,00;1,00;0,00;0,00;0,66;1,75;0,00;0,66;2,57;2,69;1,94;0,44;0,00;0,64;0,67;1,00;0,68;0,65;
1.5.2015 22:15;000,7;000,0;000,0;000,0;000,0;000,0;14483;1832673;9;102003;412;2915;0;0;0;0;0;0;0;;1,00;0,00;0,75;0,00;0,00;0,00;13744,00;12454,00;13384,00;0,07;0,03;0,09;;1,00;0,00;1,00;0,00;0,00;0,66;1,75;0,00;0,66;2,57;2,70;1,94;0,44;0,00;0,64;0,67;1,00;0,68;0,65;
1.5.2015 22:30;000,8;000,0;000,0;000,0;000,0;000,0;14483;1832673;9;102003;412;2915;0;0;0;0;0;0;0;;1,00;0,00;0,75;0,00;0,00;0,00;13728,00;12436,00;13364,00;0,07;0,03;0,09;;1,00;0,00;1,00;0,00;0,00;0,66;1,75;0,00;0,66;2,57;2,69;1,94;0,44;0,00;0,64;0,67;1,00;0,68;0,65;
1.5.2015 22:45;000,7;000,0;000,0;000,0;000,0;000,0;14483;1832673;9;102003;412;2915;0;0;0;0;0;0;0;;1,00;0,00;0,75;0,00;0,00;0,00;13697,00;12479,00;13412,00;0,07;0,03;0,09;;1,00;0,00;1,00;0,00;0,00;0,66;1,75;0,00;0,66;2,57;2,70;1,94;0,44;0,00;0,64;0,67;1,00;0,68;0,65;
1.5.2015 23:00;000,7;000,0;000,0;000,0;000,0;000,0;14483;1832673;9;102003;412;2915;0;0;0;0;0;0;0;;1,00;0,00;0,75;0,00;0,00;0,00;13744,00;12452,00;13373,00;0,07;0,03;0,09;;1,00;0,00;1,00;0,00;0,00;0,66;1,75;0,00;0,66;2,57;2,70;1,94;0,44;0,00;0,64;0,67;1,00;0,68;0,65;
1.5.2015 23:15;000,8;000,0;000,0;000,0;000,0;000,0;14484;1832673;9;102003;412;2915;0;0;0;0;0;0;0;;1,00;0,00;0,75;0,00;0,00;0,00;13754,00;12499,00;13352,00;0,07;0,03;0,09;;1,00;0,00;1,00;0,00;0,00;0,66;1,75;0,00;0,66;2,57;2,70;1,94;0,44;0,00;0,64;0,67;1,00;0,68;0,65;
1.5.2015 23:30;000,7;000,0;000,0;000,0;000,0;000,0;14484;1832673;9;102003;412;2915;0;0;0;0;0;0;0;;1,00;0,00;0,75;0,00;0,00;0,00;13762,00;12448,00;13407,00;0,07;0,03;0,08;;1,00;0,00;1,00;0,00;0,00;0,66;1,75;0,00;0,66;2,54;2,66;1,89;0,44;0,00;0,64;0,66;1,00;0,69;0,66;
1.5.2015 23:45;000,8;000,0;000,0;000,0;000,0;000,0;14484;1832673;9;102003;412;2915;0;0;0;0;0;0;0;;1,00;0,00;0,75;0,00;0,00;0,00;13705,00;12404,00;13425,00;0,07;0,03;0,09;;1,00;0,00;1,00;0,00;0,00;0,66;1,75;0,00;0,66;2,57;2,69;1,94;0,44;0,00;0,64;0,67;1,00;0,68;0,65;
2.5.2015 00:00;000,7;000,0;000,0;000,0;000,0;000,0;14484;1832673;9;102003;412;2915;0;0;0;0;0;0;0;;1,00;0,00;0,75;0,00;0,00;0,00;13700,00;12400,00;13407,00;0,07;0,03;0,09;;1,00;0,00;1,00;0,00;0,00;0,66;1,75;0,00;0,66;2,57;2,69;1,94;0,44;0,00;0,64;0,67;1,00;0,68;0,65;
2.5.2015 00:15;000,7;000,0;000,0;000,0;000,0;000,0;14484;1832673;9;102003;412;2915;0;0;0;0;0;0;0;;1,00;0,00;0,75;0,00;0,00;0,00;13729,00;12363,00;13460,00;0,07;0,03;0,09;;1,00;0,00;1,00;0,00;0,00;0,66;1,75;0,00;0,66;2,58;2,70;1,94;0,44;0,00;0,64;0,67;1,00;0,68;0,65;
2.5.2015 00:30;000,8;000,0;000,0;000,0;000,0;000,0;14485;1832673;9;102003;412;2915;0;0;0;0;0;0;0;;1,00;0,00;0,75;0,00;0,00;0,00;13761,00;12387,00;13490,00;0,07;0,03;0,09;;1,00;0,00;1,00;0,00;0,00;0,66;1,75;0,00;0,66;2,58;2,70;1,95;0,44;0,00;0,65;0,68;1,00;0,68;0,65;
2.5.2015 00:45;000,7;000,0;000,0;000,0;000,0;000,0;14485;1832673;9;102003;412;2915;0;0;0;0;0;0;0;;1,00;0,00;0,75;0,00;0,00;0,00;13780,00;12361,00;13475,00;0,07;0,03;0,09;;1,00;0,00;1,00;0,00;0,00;0,66;1,75;0,00;0,66;2,58;2,70;1,95;0,44;0,00;0,65;0,68;1,00;0,68;0,65;
2.5.2015 01:00;000,8;000,0;000,0;000,0;000,0;000,0;14485;1832673;9;102003;412;2915;0;0;0;0;0;0;0;;1,00;0,00;0,75;0,00;0,00;0,00;13779,00;12389,00;13491,00;0,07;0,03;0,09;;1,00;0,00;1,00;0,00;0,00;0,66;1,75;0,00;0,66;2,58;2,70;1,95;0,44;0,00;0,65;0,68;1,00;0,68;0,65;
2.5.2015 01:15;000,7;000,0;000,0;000,0;000,0;000,0;14485;1832673;9;102003;412;2915;0;0;0;0;0;0;0;;1,00;0,00;0,75;0,00;0,00;0,00;13765,00;12404,00;13497,00;0,07;0,03;0,09;;1,00;0,00;1,00;0,00;0,00;0,66;1,75;0,00;0,66;2,58;2,70;1,95;0,44;0,00;0,65;0,68;1,00;0,68;0,65;
2.5.2015 01:30;000,7;000,0;000,0;000,0;000,0;000,0;14485;1832673;9;102003;412;2915;0;0;0;0;0;0;0;;1,00;0,00;0,75;0,00;0,00;0,00;13771,00;12437,00;13505,00;0,07;0,03;0,09;;1,00;0,00;1,00;0,00;0,00;0,66;1,75;0,00;0,66;2,58;2,71;1,96;0,44;0,00;0,65;0,68;1,00;0,68;0,65;
2.5.2015 01:45;000,8;000,0;000,0;000,0;000,0;000,0;14485;1832673;9;102003;412;2915;0;0;0;0;0;0;0;;1,00;0,00;0,75;0,00;0,00;0,00;13764,00;12433,00;13509,00;0,08;0,03;0,09;;1,00;0,00;1,00;0,00;0,00;0,66;1,75;0,00;0,66;2,62;2,74;2,01;0,44;0,00;0,65;0,69;1,00;0,67;0,64;
2.5.2015 02:00;000,7;000,0;000,0;000,0;000,0;000,0;14486;1832673;9;102003;412;2915;0;0;0;0;0;0;0;;1,00;0,00;0,75;0,00;0,00;0,00;13740,00;12461,00;13507,00;0,07;0,03;0,09;;1,00;0,00;1,00;0,00;0,00;0,66;1,75;0,00;0,66;2,58;2,71;1,95;0,44;0,00;0,65;0,68;1,00;0,68;0,65;
2.5.2015 02:15;000,8;000,0;000,0;000,0;000,0;000,0;14486;1832673;9;102003;412;2915;0;0;0;0;0;0;0;;1,00;0,00;0,75;0,00;0,00;0,00;13794,00;12436,00;13528,00;0,07;0,03;0,09;;1,00;0,00;1,00;0,00;0,00;0,66;1,75;0,00;0,66;2,59;2,71;1,96;0,44;0,00;0,65;0,68;1,00;0,68;0,65;
2.5.2015 02:30;000,7;000,0;000,0;000,0;000,0;000,0;14486;1832673;9;102003;412;2915;0;0;0;0;0;0;0;;1,00;0,00;0,75;0,00;0,00;0,00;13778,00;12402,00;13504,00;0,07;0,03;0,09;;1,00;0,00;1,00;0,00;0,00;0,66;1,75;0,00;0,66;2,58;2,70;1,95;0,44;0,00;0,65;0,68;1,00;0,68;0,65;
2.5.2015 02:45;000,8;000,0;000,0;000,0;000,0;000,0;14486;1832673;9;102003;412;2915;0;0;0;0;0;0;0;;1,00;0,00;0,75;0,00;0,00;0,00;13767,00;12397,00;13498,00;0,07;0,03;0,09;;1,00;0,00;1,00;0,00;0,00;0,66;1,75;0,00;0,66;2,58;2,70;1,95;0,44;0,00;0,65;0,68;1,00;0,68;0,65;
2.5.2015 03:00;000,7;000,0;000,0;000,0;000,0;000,0;14486;1832673;9;102003;412;2915;0;0;0;0;0;0;0;;1,00;0,00;0,75;0,00;0,00;0,00;13751,00;12415,00;13490,00;0,07;0,03;0,09;;1,00;0,00;1,00;0,00;0,00;0,66;1,75;0,00;0,66;2,58;2,70;1,95;0,44;0,00;0,65;0,68;1,00;0,68;0,65;
2.5.2015 03:15;000,8;000,0;000,0;000,0;000,0;000,0;14487;1832673;9;102003;412;2915;0;0;0;0;0;0;0;;1,00;0,00;0,75;0,00;0,00;0,00;13711,00;12395,00;13466,00;0,07;0,03;0,09;;1,00;0,00;1,00;0,00;0,00;0,66;1,75;0,00;0,66;2,58;2,70;1,94;0,44;0,00;0,64;0,67;1,00;0,68;0,65;
2.5.2015 03:30;000,7;000,0;000,0;000,0;000,0;000,0;14487;1832673;9;102003;412;2915;0;0;0;0;0;0;0;;1,00;0,00;0,75;0,00;0,00;0,00;13733,00;12374,00;13472,00;0,07;0,03;0,09;;1,00;0,00;1,00;0,00;0,00;0,66;1,75;0,00;0,66;2,58;2,70;1,94;0,44;0,00;0,64;0,67;1,00;0,68;0,65;
2.5.2015 03:45;000,8;000,0;000,0;000,0;000,0;000,0;14487;1832673;9;102003;412;2915;0;0;0;0;0;0;0;;1,00;0,00;0,75;0,00;0,00;0,00;13725,00;12365,00;13468,00;0,07;0,03;0,09;;1,00;0,00;1,00;0,00;0,00;0,66;1,75;0,00;0,66;2,58;2,70;1,94;0,44;0,00;0,64;0,67;1,00;0,68;0,65;
2.5.2015 04:00;000,7;000,0;000,0;000,0;000,0;000,0;14487;1832673;9;102003;412;2915;0;0;0;0;0;0;0;;1,00;0,00;0,75;0,00;0,00;0,00;13718,00;12383,00;13471,00;0,07;0,03;0,09;;1,00;0,00;1,00;0,00;0,00;0,66;1,75;0,00;0,66;2,58;2,70;1,94;0,44;0,00;0,64;0,67;1,00;0,68;0,65;
2.5.2015 04:15;000,7;000,0;000,0;000,0;000,0;000,0;14487;1832673;9;102003;412;2915;0;0;0;0;0;0;0;;1,00;0,00;0,75;0,00;0,00;0,00;13693,00;12376,00;13461,00;0,07;0,03;0,09;;1,00;0,00;1,00;0,00;0,00;0,66;1,75;0,00;0,66;2,57;2,69;1,94;0,44;0,00;0,64;0,67;1,00;0,68;0,65;
2.5.2015 04:30;000,8;000,0;000,0;000,0;000,0;000,0;14488;1832673;9;102003;412;2915;0;0;0;0;0;0;0;;1,00;0,00;0,75;0,00;0,00;0,00;13696,00;12362,00;13463,00;0,07;0,03;0,09;;1,00;0,00;1,00;0,00;0,00;0,66;1,75;0,00;0,66;2,57;2,69;1,94;0,44;0,00;0,64;0,67;1,00;0,68;0,65;
2.5.2015 04:45;000,7;000,0;000,0;000,0;000,0;000,0;14488;1832673;9;102003;412;2915;0;0;0;0;0;0;0;;1,00;0,00;0,75;0,00;0,00;0,00;13693,00;12388,00;13463,00;0,07;0,03;0,09;;1,00;0,00;1,00;0,00;0,00;0,66;1,75;0,00;0,66;2,57;2,69;1,94;0,44;0,00;0,64;0,67;1,00;0,68;0,65;
2.5.2015 05:00;000,8;000,0;000,0;000,0;000,0;000,0;14488;1832673;9;102003;412;2915;0;0;0;0;0;0;0;;1,00;0,00;0,75;0,00;0,00;0,00;13708,00;12378,00;13481,00;0,07;0,03;0,09;;1,00;0,00;1,00;0,00;0,00;0,66;1,75;0,00;0,66;2,58;2,70;1,94;0,44;0,00;0,64;0,67;1,00;0,68;0,65;
2.5.2015 05:15;000,7;000,0;000,0;000,0;000,0;000,0;14488;1832673;9;102003;412;2915;0;0;0;0;0;0;0;;1,00;0,00;0,75;0,00;0,00;0,00;13750,00;12406,00;13516,00;0,08;0,03;0,09;;1,00;0,00;1,00;0,00;0,00;0,66;1,75;0,00;0,66;2,69;2,82;2,11;0,44;0,00;0,67;0,71;1,00;0,65;0,62;
2.5.2015 05:30;000,8;000,0;000,0;000,0;000,0;000,0;14488;1832673;9;102003;412;2915;0;0;0;0;0;0;0;;1,00;0,00;0,75;0,00;0,00;0,00;13777,00;12430,00;13535,00;0,08;0,03;0,09;;1,00;0,00;1,00;0,00;0,00;0,66;1,75;0,00;0,66;2,69;2,83;2,12;0,44;0,00;0,67;0,71;1,00;0,65;0,62;
2.5.2015 05:45;000,8;000,0;000,0;000,0;000,0;000,0;14488;1832673;9;102003;412;2915;0;0;0;0;0;0;0;;1,00;0,00;0,75;0,00;0,00;0,00;13745,00;12423,00;13523,00;0,08;0,03;0,09;;1,00;0,00;1,00;0,00;0,00;0,66;1,75;0,00;0,66;2,72;2,86;2,16;0,44;0,00;0,68;0,72;1,00;0,64;0,61;
2.5.2015 06:00;000,8;000,0;000,0;000,0;000,0;000,0;14489;1832673;9;102003;412;2915;0;0;0;0;0;0;0;;1,00;0,00;0,75;0,00;0,00;0,00;13760,00;12466,00;13483,00;0,08;0,03;0,09;;1,00;0,00;1,00;0,00;0,00;0,66;1,75;0,00;0,66;2,65;2,78;2,06;0,44;0,00;0,66;0,70;1,00;0,66;0,63;
2.5.2015 06:15;000,4;000,9;000,0;000,0;000,0;000,1;14489;1832673;9;102003;412;2915;0;0;0;0;0;0;0;;-1,75;-2,00;-2,00;0,00;0,00;0,00;13678,00;12443,00;13434,00;0,17;0,20;0,19;;2,25;2,50;2,50;1,41;1,50;1,50;-6,25;0,00;4,41;7,40;7,45;NaN;-1,56;0,00;1,85;1,86;1,00;-0,84;-0,84;
2.5.2015 06:30;000,0;004,0;000,0;000,0;000,0;000,0;14489;1832674;9;102003;412;2915;0;0;0;0;0;0;0;;-4,00;-4,25;-4,25;0,00;0,00;0,00;13644,00;12408,00;13376,00;0,32;0,37;0,34;;4,25;4,50;4,50;1,44;1,48;1,48;-13,00;0,00;4,39;13,48;13,54;NaN;-3,25;0,00;3,37;3,38;1,00;-0,96;-0,96;
2.5.2015 06:45;000,0;006,6;000,0;000,0;000,0;000,0;14489;1832676;9;102003;412;2915;0;0;0;0;0;0;0;;-6,50;-6,50;-6,75;0,00;0,00;0,00;13629,00;12408,00;13342,00;0,50;0,55;0,52;;6,75;6,75;7,00;1,82;1,82;1,85;-20,25;0,00;5,49;20,64;20,71;NaN;-5,06;0,00;5,16;5,18;1,00;-0,98;-0,98;
2.5.2015 07:00;000,0;007,7;000,0;000,0;000,0;000,0;14489;1832678;9;102003;412;2915;0;0;0;0;0;0;0;;-6,50;-6,50;-6,75;0,00;0,00;0,00;13721,00;12377,00;13404,00;0,49;0,53;0,51;;6,50;6,50;6,75;0,00;0,00;0,00;-19,75;0,00;0,00;20,08;20,15;3,98;-4,94;0,00;5,02;5,04;1,00;-0,98;-0,98;
2.5.2015 07:15;000,0;011,2;000,0;000,0;000,0;000,0;14489;1832680;9;102003;412;2915;0;0;0;0;0;0;0;;-11,25;-10,75;-11,25;0,00;0,00;0,00;13659,00;12311,00;13400,00;0,83;0,88;0,86;;11,25;10,75;11,50;0,00;0,00;2,38;-33,50;0,00;2,38;33,62;33,71;2,86;-8,38;0,00;8,41;8,43;1,00;-1,00;-0,99;
2.5.2015 07:30;000,0;017,7;000,0;000,2;000,0;000,0;14489;1832685;9;102003;412;2915;0;0;0;0;0;0;0;;-17,50;-16,25;-17,50;0,00;0,00;1,00;13626,00;12263,00;13399,00;1,29;1,34;1,31;;17,50;16,25;17,50;0,00;0,00;nan;-51,25;1,00;nan;51,60;51,69;NaN;-12,81;0,25;12,90;12,92;1,00;-0,99;-0,99;
2.5.2015 07:45;000,0;020,8;000,0;000,4;000,0;000,0;14489;1832690;9;102003;412;2915;0;0;0;0;0;0;0;;-19,50;-18,00;-19,50;0,00;0,00;1,00;13608,00;12275,00;13416,00;1,44;1,49;1,47;;19,50;18,25;19,50;0,00;3,01;nan;-57,25;1,00;nan;57,51;57,60;NaN;-14,31;0,25;14,38;14,40;1,00;-1,00;-0,99;
2.5.2015 08:00;000,0;029,0;000,0;000,8;000,0;000,0;14489;1832697;9;102003;412;2915;0;0;0;0;0;0;0;;-26,75;-24,75;-26,75;0,00;0,75;1,75;13616,00;12326,00;13422,00;1,98;2,03;2,01;;26,75;25,00;26,75;0,00;3,45;nan;-78,75;2,50;nan;78,83;78,94;NaN;-19,69;0,62;19,71;19,73;1,00;-1,00;-1,00;
2.5.2015 08:15;000,0;035,9;000,0;001,3;000,0;000,0;14489;1832706;9;102004;412;2915;0;0;0;0;0;0;0;;-34,50;-31,75;-34,00;0,00;1,00;2,50;13587,00;12311,00;13362,00;2,55;2,59;2,57;;34,50;31,75;34,25;0,00;nan;3,29;-100,50;3,75;nan;100,74;100,86;NaN;-25,12;0,94;25,19;25,22;1,00;-1,00;-1,00;
2.5.2015 08:30;000,0;040,6;000,0;001,6;000,0;000,0;14489;1832717;9;102004;412;2915;0;0;0;0;0;0;0;;-33,50;-30,75;-33,25;0,00;1,00;2,50;13627,00;12315,00;13381,00;2,47;2,51;2,50;;33,50;30,75;33,25;0,00;nan;nan;-97,75;3,75;nan;98,15;98,27;NaN;-24,44;0,94;24,54;24,57;1,00;-1,00;-0,99;
2.5.2015 08:45;000,0;039,7;000,0;001,5;000,0;000,0;14489;1832726;9;102005;412;2915;0;0;0;0;0;0;0;;-33,00;-30,25;-32,75;0,00;1,00;2,50;13580,00;12264,00;13351,00;2,44;2,49;2,47;;33,00;30,50;32,75;0,00;3,77;nan;-96,50;3,50;nan;96,65;96,78;NaN;-24,12;0,88;24,16;24,19;1,00;-1,00;-1,00;
2.5.2015 09:00;000,0;037,3;000,0;001,4;000,0;000,0;14489;1832736;9;102005;412;2915;0;0;0;0;0;0;0;;-36,00;-33,25;-35,75;0,00;1,00;2,75;13549,00;12259,00;13337,00;2,68;2,72;2,70;;36,25;33,25;36,00;4,25;nan;3,22;-105,50;4,00;nan;105,70;105,83;NaN;-26,38;1,00;26,42;26,46;1,00;-1,00;-1,00;
2.5.2015 09:15;000,0;048,0;000,0;002,0;000,0;000,0;14489;1832748;9;102005;412;2915;0;0;0;0;0;0;0;;-43,50;-39,75;-43,00;0,00;1,50;3,75;13548,00;12269,00;13348,00;3,22;3,26;3,25;;43,50;40,00;43,25;0,00;4,21;2,74;-126,75;5,25;6,94;127,00;127,14;4,94;-31,69;1,31;31,75;31,79;1,00;-1,00;-1,00;
2.5.2015 09:30;000,0;053,8;000,0;002,3;000,0;000,0;14489;1832761;9;102006;412;2915;0;0;0;0;0;0;0;;-46,00;-42,25;-45,75;0,00;1,75;4,00;13538,00;12273,00;13362,00;3,41;3,45;3,44;;46,00;42,25;45,75;0,00;nan;nan;-134,00;5,75;nan;134,41;134,55;NaN;-33,50;1,44;33,60;33,64;1,00;-1,00;-1,00;
2.5.2015 09:45;000,0;056,7;000,0;002,5;000,0;000,0;14489;1832775;9;102007;412;2915;0;0;0;0;0;0;0;;-49,00;-44,75;-48,50;0,00;1,75;4,25;13538,00;12270,00;13356,00;3,62;3,67;3,65;;49,00;45,00;48,75;0,00;4,40;2,50;-142,50;6,00;6,90;142,89;143,05;8,55;-35,62;1,50;35,72;35,76;1,00;-1,00;-1,00;
2.5.2015 10:00;000,0;063,6;000,0;002,9;000,0;000,0;14489;1832791;9;102007;412;2915;0;0;0;0;0;0;0;;-54,50;-50,50;-54,25;0,00;2,50;4,75;13546,00;12285,00;13367,00;4,03;4,12;4,09;;54,50;50,50;54,50;0,00;nan;2,15;-159,50;7,25;nan;159,92;160,11;NaN;-39,88;1,81;39,98;40,03;1,00;-1,00;-1,00;
2.5.2015 10:15;000,0;057,8;000,0;002,5;000,0;000,0;14489;1832806;9;102008;412;2915;0;0;0;0;0;0;0;;-60,50;-55,75;-60,25;0,00;2,75;5,50;13554,00;12292,00;13373,00;4,47;4,56;4,53;;60,50;56,00;60,50;0,00;4,51;nan;-176,75;8,25;nan;177,26;177,47;NaN;-44,19;2,06;44,31;44,37;1,00;-1,00;-1,00;
2.5.2015 10:30;000,0;076,6;000,0;003,7;000,0;000,0;14489;1832825;9;102009;412;2915;0;0;0;0;0;0;0;;-71,00;-64,75;-70,00;0,00;3,25;6,75;13573,00;12305,00;13386,00;5,23;5,28;5,27;;71,00;64,75;70,50;0,00;nan;4,97;-206,00;10,00;nan;206,50;206,72;NaN;-51,50;2,50;51,63;51,68;1,00;-1,00;-1,00;
2.5.2015 10:45;000,0;082,1;000,0;004,1;000,0;000,0;14489;1832846;9;102010;412;2915;0;0;0;0;0;0;0;;-73,50;-67,00;-72,50;0,00;3,25;7,25;13551,00;12282,00;13370,00;5,43;5,48;5,47;;73,50;67,25;73,00;0,00;4,80;4,49;-213,50;10,75;9,29;213,99;214,21;10,17;-53,38;2,69;53,50;53,55;1,00;-1,00;-1,00;
2.5.2015 11:00;000,0;093,8;000,0;005,1;000,0;000,0;14489;1832869;9;102011;412;2915;0;0;0;0;0;0;0;;-83,25;-76,50;-82,50;1,00;4,25;8,25;13542,00;12269,00;13366,00;6,16;6,25;6,22;;83,25;76,50;83,00;nan;nan;3,83;-242,50;13,75;nan;243,17;243,45;NaN;-60,62;3,44;60,79;60,86;1,00;-1,00;-1,00;
2.5.2015 11:15;000,0;100,1;000,0;005,7;000,0;000,0;14489;1832894;9;102013;412;2915;0;0;0;0;0;0;0;;-77,50;-71,50;-77,00;0,75;4,00;7,50;13526,00;12301,00;13367,00;5,74;5,83;5,80;;77,50;71,50;77,50;nan;nan;4,58;-226,25;12,50;nan;226,85;227,10;NaN;-56,56;3,12;56,71;56,78;1,00;-1,00;-1,00;
2.5.2015 11:30;000,0;068,0;000,0;003,2;000,0;000,0;14489;1832911;9;102013;412;2915;0;0;0;0;0;0;0;;-37,00;-34,25;-36,75;0,00;1,25;2,75;13505,00;12292,00;13366,00;2,76;2,80;2,78;;37,00;34,25;37,00;0,00;nan;3,30;-108,50;4,25;nan;108,65;108,77;NaN;-27,12;1,06;27,16;27,19;1,00;-1,00;-1,00;
2.5.2015 11:45;000,0;029,0;000,0;000,9;000,0;000,0;14489;1832918;9;102014;412;2915;0;0;0;0;0;0;0;;-17,25;-16,25;-17,50;0,00;0,00;1,00;13541,00;12294,00;13381,00;1,29;1,33;1,32;;17,25;16,25;17,50;0,00;0,00;nan;-51,25;1,00;nan;51,42;51,49;NaN;-12,81;0,25;12,85;12,87;1,00;-1,00;-1,00;
2.5.2015 12:00;000,0;023,6;000,0;000,6;000,0;000,0;14489;1832924;9;102014;412;2915;0;0;0;0;0;0;0;;-24,75;-23,25;-24,75;0,00;0,75;1,50;13544,00;12318,00;13329,00;1,83;1,90;1,88;;24,75;23,25;25,00;0,00;nan;3,19;-73,00;2,50;nan;73,31;73,42;NaN;-18,25;0,62;18,33;18,36;1,00;-1,00;-0,99;
2.5.2015 12:15;000,0;038,8;000,0;001,5;000,0;000,0;14489;1832934;9;102014;412;2915;0;0;0;0;0;0;0;;-37,25;-34,25;-36,75;0,00;1,00;2,75;13587,00;12334,00;13356,00;2,75;2,79;2,78;;37,25;34,25;37,00;0,00;nan;3,30;-108,50;4,00;nan;108,87;108,99;NaN;-27,12;1,00;27,22;27,25;1,00;-1,00;-1,00;
2.5.2015 12:30;000,0;043,9;000,0;001,7;000,0;000,0;14489;1832945;9;102015;412;2915;0;0;0;0;0;0;0;;-40,25;-37,00;-39,75;0,00;1,25;3,25;13578,00;12335,00;13352,00;2,98;3,01;3,00;;40,25;37,00;40,00;0,00;nan;3,06;-117,25;4,50;nan;117,61;117,73;NaN;-29,31;1,12;29,40;29,43;1,00;-1,00;-1,00;
2.5.2015 12:45;000,0;044,4;000,0;001,8;000,0;000,0;14489;1832956;9;102015;412;2915;0;0;0;0;0;0;0;;-60,25;-54,75;-59,00;0,00;2,25;5,50;13624,00;12309,00;13355,00;4,43;4,47;4,45;;60,25;54,75;59,25;0,00;nan;nan;-174,25;8,00;nan;174,74;174,93;NaN;-43,56;2,00;43,68;43,73;1,00;-1,00;-1,00;
2.5.2015 13:00;000,0;069,0;000,0;003,2;000,0;000,0;14489;1832973;9;102016;412;2915;0;0;0;0;0;0;0;;-66,75;-61,50;-66,25;0,00;3,00;6,25;13605,00;12351,00;13386,00;4,91;4,99;4,97;;66,75;61,50;66,50;0,00;nan;nan;-194,50;9,50;nan;195,09;195,31;NaN;-48,62;2,38;48,77;48,83;1,00;-1,00;-1,00;
2.5.2015 13:15;000,0;085,4;000,0;004,3;000,0;000,0;14489;1832995;9;102017;412;2915;0;0;0;0;0;0;0;;-85,50;-78,00;-84,50;0,75;4,25;8,75;13606,00;12308,00;13414,00;6,30;6,36;6,34;;85,50;78,00;85,00;nan;nan;2,86;-248,25;14,00;nan;249,01;249,28;NaN;-62,06;3,50;62,25;62,32;1,00;-1,00;-1,00;
2.5.2015 13:30;000,0;099,3;000,0;005,6;000,0;000,0;14489;1833019;9;102018;412;2915;0;0;0;0;0;0;0;;-71,75;-65,50;-71,00;0,00;3,50;7,00;13591,00;12306,00;13428,00;5,30;5,34;5,32;;71,75;65,50;71,25;0,00;nan;nan;-208,50;10,50;nan;209,12;209,34;NaN;-52,12;2,62;52,28;52,34;1,00;-1,00;-1,00;
2.5.2015 13:45;000,0;070,9;000,0;003,4;000,0;000,0;14489;1833037;9;102019;412;2915;0;0;0;0;0;0;0;;-51,25;-47,00;-51,00;0,00;2,00;4,50;13586,00;12303,00;13439,00;3,79;3,83;3,82;;51,50;47,00;51,25;5,07;nan;2,30;-149,50;6,75;nan;149,92;150,08;NaN;-37,38;1,69;37,48;37,52;1,00;-1,00;-1,00;
2.5.2015 14:00;000,0;085,4;000,0;004,6;000,0;000,0;14489;1833059;9;102020;412;2915;0;0;0;0;0;0;0;;-110,25;-101,00;-109,50;1,75;7,00;12,00;13597,00;12357,00;13463,00;8,12;8,20;8,19;;110,25;101,25;110,00;nan;1,25;nan;-321,00;21,00;nan;321,99;322,33;NaN;-80,25;5,25;80,50;80,58;1,00;-1,00;-1,00;
2.5.2015 14:15;000,0;124,1;000,0;008,0;000,0;000,0;14489;1833090;9;102022;412;2915;0;0;0;0;0;0;0;;-103,50;-94,75;-102,75;1,50;6,25;11,00;13571,00;12327,00;13448,00;7,64;7,72;7,70;;103,75;95,00;103,50;7,04;2,89;5,80;-301,50;19,25;15,74;302,49;302,82;13,31;-75,38;4,81;75,62;75,70;1,00;-1,00;-1,00;
2.5.2015 14:30;000,0;185,9;000,0;011,8;000,0;000,0;14489;1833136;9;102025;412;2915;0;0;0;0;0;0;0;;-163,75;-150,25;-162,75;1,50;9,00;16,50;13593,00;12343,00;13460,00;12,06;12,20;12,17;;163,75;150,50;163,75;nan;nan;7,37;-477,00;27,25;nan;478,32;478,84;NaN;-119,25;6,81;119,58;119,71;1,00;-1,00;-1,00;
2.5.2015 14:45;000,0;179,9;000,0;009,9;000,0;000,0;14489;1833181;9;102028;412;2915;0;0;0;0;0;0;0;;-163,50;-149,75;-162,25;1,50;8,75;16,25;13593,00;12359,00;13467,00;12,04;12,14;12,12;;163,50;150,00;163,25;nan;nan;7,84;-475,50;26,75;nan;476,95;477,43;NaN;-118,88;6,69;119,24;119,36;1,00;-1,00;-1,00;
2.5.2015 15:00;000,0;212,4;000,0;013,3;000,0;000,0;14489;1833235;9;102031;412;2915;0;0;0;0;0;0;0;;-190,00;-174,25;-188,75;3,00;11,00;20,00;13545,00;12331,00;13441,00;13,89;14,01;13,97;;190,25;174,50;187,75;9,28;nan;nan;-553,00;34,00;nan;548,51;549,06;NaN;-138,25;8,50;137,13;137,26;1,00;-1,01;-1,01;
2.5.2015 15:15;000,0;185,9;000,0;010,8;000,0;000,0;14489;1833281;9;102034;412;2915;0;0;0;0;0;0;0;;-87,25;-80,25;-87,00;0,00;3,50;7,25;13537,00;12328,00;13435,00;6,46;6,54;6,52;;87,25;80,50;87,50;0,00;5,29;5,89;-255,00;11,00;11,18;255,61;255,87;14,14;-63,75;2,75;63,90;63,97;1,00;-1,00;-1,00;
2.5.2015 15:30;000,0;207,8;000,0;013,2;000,0;000,0;14489;1833333;9;102037;412;2915;0;0;0;0;0;0;0;;-199,25;-182,50;-197,50;3,75;12,00;21,75;13560,00;12333,00;13445,00;14,72;14,85;14,80;;199,50;183,00;198,75;9,25;6,22;4,72;-579,75;37,50;20,20;581,57;582,17;31,52;-144,94;9,38;145,39;145,54;1,00;-1,00;-1,00;
2.5.2015 15:45;000,0;257,8;000,0;017,5;000,0;000,0;14489;1833398;9;102041;412;2915;0;0;0;0;0;0;0;;-209,00;-192,00;-207,75;3,75;13,00;22,75;13532,00;12326,00;13429,00;15,47;15,62;15,57;;209,25;192,50;209,00;9,51;4,82;1,84;-609,00;40,00;16,17;610,93;611,55;35,31;-152,25;10,00;152,73;152,89;1,00;-1,00;-1,00;
2.5.2015 16:00;000,0;124,7;000,0;006,0;000,0;000,0;14489;1833428;9;102043;412;2915;0;0;0;0;0;0;0;;-95,25;-87,50;-95,00;0,00;4,00;8,25;13528,00;12298,00;13419,00;7,06;7,14;7,12;;95,25;87,75;95,50;0,00;5,27;5,21;-278,00;12,25;10,49;278,76;279,06;18,14;-69,50;3,06;69,69;69,76;1,00;-1,00;-1,00;
2.5.2015 16:15;000,0;103,2;000,0;004,7;000,0;000,0;14489;1833454;9;102044;412;2915;0;0;0;0;0;0;0;;-41,25;-38,00;-41,25;0,00;1,50;3,25;13523,00;12327,00;13423,00;3,06;3,11;3,09;;41,25;38,25;41,50;0,00;4,10;3,18;-121,00;5,00;7,28;121,23;121,36;3,07;-30,25;1,25;30,31;30,34;1,00;-1,00;-1,00;
2.5.2015 16:30;000,0;044,8;000,0;001,8;000,0;000,0;14489;1833465;9;102045;412;2915;0;0;0;0;0;0;0;;-30,50;-28,25;-30,50;0,00;1,00;2,25;13533,00;12334,00;13435,00;2,27;2,31;2,29;;30,50;28,25;30,75;0,00;nan;3,20;-89,75;3,25;nan;89,95;90,05;NaN;-22,44;0,81;22,49;22,51;1,00;-1,00;-1,00;
2.5.2015 16:45;000,0;024,8;000,0;000,7;000,0;000,0;14489;1833471;9;102045;412;2915;0;0;0;0;0;0;0;;-17,50;-17,00;-18,25;0,00;0,75;0,75;13550,00;12342,00;13438,00;1,31;1,38;1,36;;17,75;17,00;18,25;2,97;nan;nan;-52,75;1,50;nan;53,12;53,22;NaN;-13,19;0,38;13,28;13,31;1,00;-0,99;-0,99;
2.5.2015 17:00;000,0;019,0;000,0;000,2;000,0;000,0;14489;1833476;9;102045;412;2915;0;0;0;0;0;0;0;;-18,00;-16,75;-18,25;0,00;0,00;1,00;13556,00;12328,00;13443,00;1,35;1,38;1,38;;18,25;17,00;18,50;3,01;2,90;2,86;-53,50;1,00;8,78;53,80;53,86;NaN;-13,38;0,25;13,45;13,47;1,00;-0,99;-0,99;
2.5.2015 17:15;000,0;021,2;000,0;000,4;000,0;000,0;14489;1833481;9;102045;412;2915;0;0;0;0;0;0;0;;-11,00;-10,50;-11,50;0,00;0,00;0,00;13571,00;12331,00;13442,00;0,83;0,88;0,86;;11,25;10,75;11,50;2,36;2,30;0,00;-33,25;0,00;4,66;33,61;33,68;2,62;-8,31;0,00;8,40;8,42;1,00;-0,99;-0,99;
2.5.2015 17:30;000,0;011,6;000,0;000,0;000,0;000,0;14489;1833484;9;102045;412;2915;0;0;0;0;0;0;0;;-7,00;-7,00;-7,50;0,00;0,00;0,00;13573,00;12364,00;13458,00;0,54;0,58;0,56;;7,25;7,00;7,50;1,89;0,00;0,00;-21,50;0,00;1,89;22,01;22,06;4,55;-5,38;0,00;5,50;5,51;1,00;-0,98;-0,97;
2.5.2015 17:45;000,0;007,7;000,0;000,0;000,0;000,0;14489;1833486;9;102045;412;2915;0;0;0;0;0;0;0;;-5,75;-5,75;-6,00;0,00;0,00;0,00;13575,00;12366,00;13456,00;0,44;0,48;0,47;;5,75;5,75;6,25;0,00;0,00;1,75;-17,75;0,00;1,75;18,20;18,25;3,86;-4,44;0,00;4,55;4,56;1,00;-0,98;-0,97;
2.5.2015 18:00;000,0;007,7;000,0;000,0;000,0;000,0;14489;1833488;9;102045;412;2915;0;0;0;0;0;0;0;;-8,00;-7,75;-8,25;0,00;0,00;0,00;13567,00;12341,00;13459,00;0,60;0,64;0,62;;8,00;7,75;8,25;0,00;0,00;0,00;-24,25;0,00;0,00;24,51;24,57;3,96;-6,06;0,00;6,13;6,14;1,00;-0,99;-0,99;
2.5.2015 18:15;000,0;010,0;000,0;000,0;000,0;000,0;14489;1833490;9;102045;412;2915;0;0;0;0;0;0;0;;-7,50;-8,00;-8,25;0,00;0,00;0,00;13562,00;12348,00;13449,00;0,57;0,65;0,63;;7,75;8,00;8,25;1,95;0,00;0,00;-24,00;0,00;1,95;24,33;24,43;4,12;-6,00;0,00;6,08;6,11;1,00;-0,99;-0,98;
2.5.2015 18:30;000,0;012,7;000,0;000,0;000,0;000,0;14489;1833494;9;102045;412;2915;0;0;0;0;0;0;0;;-13,75;-13,00;-14,00;0,00;0,00;0,00;13554,00;12345,00;13449,00;1,03;1,08;1,05;;14,00;13,25;14,00;2,63;2,56;0,00;-41,25;0,00;5,20;41,45;41,52;NaN;-10,31;0,00;10,36;10,38;1,00;-1,00;-0,99;
2.5.2015 18:45;000,0;013,0;000,0;000,0;000,0;000,0;14489;1833497;9;102045;412;2915;0;0;0;0;0;0;0;;-6,75;-6,75;-7,00;0,00;0,00;0,00;13562,00;12346,00;13454,00;0,51;0,55;0,54;;7,00;6,75;7,25;1,85;0,00;1,89;-20,75;0,00;3,74;21,04;21,09;0,23;-5,19;0,00;5,26;5,27;1,00;-0,99;-0,98;
2.5.2015 19:00;000,0;003,4;000,0;000,0;000,0;000,0;14489;1833498;9;102045;412;2915;0;0;0;0;0;0;0;;0,00;-1,00;-0,75;0,00;0,00;0,00;13585,00;12370,00;13474,00;0,09;0,11;0,12;;0,00;1,25;1,50;0,00;0,75;1,30;-1,75;0,00;2,05;4,20;4,23;3,26;-0,44;0,00;1,05;1,06;1,00;-0,42;-0,41;
2.5.2015 19:15;000,0;000,5;000,0;000,0;000,0;000,0;14489;1833498;9;102045;412;2915;0;0;0;0;0;0;0;;0,00;-1,00;-0,75;0,00;0,00;0,00;13562,00;12326,00;13448,00;0,09;0,11;0,11;;0,00;1,25;1,50;0,00;0,75;1,30;-2,00;0,00;2,05;4,12;4,14;2,99;-0,50;0,00;1,03;1,04;1,00;-0,49;-0,48;
2.5.2015 19:30;000,0;000,7;000,0;000,0;000,1;000,0;14489;1833498;9;102045;412;2915;0;0;0;0;0;0;0;;0,00;-0,50;0,00;0,00;0,00;0,00;13565,00;12336,00;13443,00;0,08;0,07;0,09;;0,00;0,75;0,00;0,00;0,56;0,00;-0,50;0,00;0,56;3,09;3,09;3,00;-0,12;0,00;0,77;0,77;1,00;-0,16;-0,16;
2.5.2015 19:45;000,6;000,0;000,0;000,0;000,0;000,0;14489;1833498;9;102045;412;2915;0;0;0;0;0;0;0;;0,75;0,00;0,75;0,00;0,00;0,00;13545,00;12295,00;13428,00;0,07;0,03;0,09;;1,00;0,00;1,00;0,66;0,00;0,66;1,75;0,00;1,32;2,56;2,68;1,53;0,44;0,00;0,64;0,67;1,00;0,68;0,65;
2.5.2015 20:00;000,8;000,0;000,0;000,0;000,0;000,1;14489;1833498;9;102045;412;2915;0;0;0;0;0;0;0;;1,00;0,00;0,75;0,00;0,00;0,00;13539,00;12310,00;13412,00;0,07;0,03;0,09;;1,00;0,00;1,00;0,00;0,00;0,66;1,75;0,00;0,66;2,56;2,68;1,91;0,44;0,00;0,64;0,67;1,00;0,68;0,65;
2.5.2015 20:15;000,7;000,0;000,0;000,0;000,0;000,0;14489;1833498;9;102045;412;2915;0;0;0;0;0;0;0;;1,00;0,00;0,75;0,00;0,00;0,00;13512,00;12272,00;13379,00;0,07;0,03;0,09;;1,00;0,00;1,00;0,00;0,00;0,66;1,75;0,00;0,66;2,55;2,67;1,90;0,44;0,00;0,64;0,67;1,00;0,69;0,66;
2.5.2015 20:30;000,8;000,0;000,0;000,0;000,0;000,0;14490;1833498;9;102045;412;2915;0;0;0;0;0;0;0;;1,50;0,00;1,00;0,00;0,00;-0,75;13512,00;12274,00;13372,00;0,12;0,03;0,10;;1,50;0,00;1,25;0,00;0,00;0,00;2,50;-0,75;0,00;3,36;3,60;2,48;0,62;-0,19;0,84;0,90;0,96;0,74;0,69;
2.5.2015 20:45;000,7;000,0;000,0;000,0;000,0;000,0;14490;1833498;9;102045;412;2915;0;0;0;0;0;0;0;;0,75;0,00;0,75;0,00;0,00;0,00;13527,00;12289,00;13383,00;0,07;0,03;0,09;;1,00;0,00;1,00;0,66;0,00;0,66;1,75;0,00;1,32;2,55;2,67;1,52;0,44;0,00;0,64;0,67;1,00;0,69;0,66;
2.5.2015 21:00;000,8;000,0;000,0;000,0;000,0;000,0;14490;1833498;9;102045;412;2915;0;0;0;0;0;0;0;;1,00;0,00;0,75;0,00;0,00;0,00;13522,00;12301,00;13396,00;0,07;0,03;0,09;;1,00;0,00;1,00;0,00;0,00;0,66;1,75;0,00;0,66;2,55;2,67;1,91;0,44;0,00;0,64;0,67;1,00;0,69;0,65;
2.5.2015 21:15;000,7;000,0;000,0;000,0;000,0;000,1;14490;1833498;9;102045;412;2915;0;0;0;0;0;0;0;;1,00;0,00;0,75;0,00;0,00;0,00;13566,00;12318,00;13421,00;0,07;0,03;0,09;;1,00;0,00;1,00;0,00;0,00;0,66;1,75;0,00;0,66;2,56;2,68;1,92;0,44;0,00;0,64;0,67;1,00;0,68;0,65;
2.5.2015 21:30;000,7;000,0;000,0;000,0;000,0;000,0;14490;1833498;9;102045;412;2915;0;0;0;0;0;0;0;;1,50;0,00;1,00;0,00;0,00;-0,75;13618,00;12320,00;13441,00;0,12;0,03;0,10;;1,50;0,00;1,25;0,00;0,00;0,00;2,50;-0,75;0,00;3,38;3,62;2,51;0,62;-0,19;0,84;0,91;0,96;0,74;0,69;
2.5.2015 21:45;000,8;000,0;000,0;000,0;000,0;000,0;14490;1833498;9;102045;412;2915;0;0;0;0;0;0;0;;1,00;0,00;0,75;0,00;0,00;0,00;13624,00;12341,00;13447,00;0,07;0,03;0,09;;1,00;0,00;1,00;0,00;0,00;0,66;1,75;0,00;0,66;2,57;2,69;1,93;0,44;0,00;0,64;0,67;1,00;0,68;0,65;
2.5.2015 22:00;000,7;000,0;000,0;000,0;000,0;000,0;14491;1833498;9;102045;412;2915;0;0;0;0;0;0;0;;1,00;0,00;0,75;0,00;0,00;0,00;13584,00;12333,00;13426,00;0,07;0,03;0,09;;1,00;0,00;1,00;0,00;0,00;0,66;1,75;0,00;0,66;2,56;2,68;1,92;0,44;0,00;0,64;0,67;1,00;0,68;0,65;
2.5.2015 22:15;000,8;000,0;000,0;000,0;000,0;000,0;14491;1833498;9;102045;412;2915;0;0;0;0;0;0;0;;1,00;0,00;0,75;0,00;0,00;0,00;13599,00;12314,00;13427,00;0,07;0,03;0,09;;1,00;0,00;1,00;0,00;0,00;0,66;1,75;0,00;0,66;2,56;2,68;1,92;0,44;0,00;0,64;0,67;1,00;0,68;0,65;
2.5.2015 22:30;000,7;000,0;000,0;000,0;000,0;000,0;14491;1833498;9;102045;412;2915;0;0;0;0;0;0;0;;1,00;0,00;0,75;0,00;0,00;0,00;13587,00;12327,00;13439,00;0,07;0,03;0,09;;1,00;0,00;1,00;0,00;0,00;0,66;1,75;0,00;0,66;2,56;2,68;1,92;0,44;0,00;0,64;0,67;1,00;0,68;0,65;
2.5.2015 22:45;000,8;000,0;000,0;000,0;000,0;000,0;14491;1833498;9;102045;412;2915;0;0;0;0;0;0;0;;1,00;0,00;0,75;0,00;0,00;0,00;13601,00;12350,00;13452,00;0,07;0,03;0,09;;1,00;0,00;1,00;0,00;0,00;0,66;1,75;0,00;0,66;2,56;2,69;1,93;0,44;0,00;0,64;0,67;1,00;0,68;0,65;
2.5.2015 23:00;000,7;000,0;000,0;000,0;000,0;000,0;14491;1833498;9;102045;412;2915;0;0;0;0;0;0;0;;1,00;0,00;0,75;0,00;0,00;0,00;13541,00;12287,00;13400,00;0,07;0,03;0,09;;1,00;0,00;1,00;0,00;0,00;0,66;1,75;0,00;0,66;2,55;2,67;1,91;0,44;0,00;0,64;0,67;1,00;0,69;0,65;
2.5.2015 23:15;000,8;000,0;000,0;000,0;000,0;000,0;14492;1833498;9;102045;412;2915;0;0;0;0;0;0;0;;1,00;0,00;0,75;0,00;0,00;0,00;13568,00;12310,00;13421,00;0,07;0,03;0,09;;1,00;0,00;1,00;0,00;0,00;0,66;1,75;0,00;0,66;2,56;2,68;1,92;0,44;0,00;0,64;0,67;1,00;0,68;0,65;
2.5.2015 23:30;000,7;000,0;000,0;000,0;000,0;000,0;14492;1833498;9;102045;412;2915;0;0;0;0;0;0;0;;1,00;0,00;0,75;0,00;0,00;0,00;13598,00;12342,00;13449,00;0,07;0,03;0,09;;1,00;0,00;1,00;0,00;0,00;0,66;1,75;0,00;0,66;2,56;2,68;1,92;0,44;0,00;0,64;0,67;1,00;0,68;0,65;
2.5.2015 23:45;000,7;000,0;000,0;000,0;000,0;000,0;14492;1833498;9;102045;412;2915;0;0;0;0;0;0;0;;1,00;0,00;0,75;0,00;0,00;0,00;13610,00;12345,00;13454,00;0,07;0,03;0,09;;1,00;0,00;1,00;0,00;0,00;0,66;1,75;0,00;0,66;2,57;2,69;1,93;0,44;0,00;0,64;0,67;1,00;0,68;0,65;
3.5.2015 00:00;000,8;000,0;000,0;000,0;000,0;000,0;14492;1833498;9;102045;412;2915;0;0;0;0;0;0;0;;1,00;0,00;0,75;0,00;0,00;0,00;13566,00;12385,00;13440,00;0,08;0,03;0,09;;1,00;0,00;1,00;0,00;0,00;0,66;1,75;0,00;0,66;2,60;2,72;1,98;0,44;0,00;0,65;0,68;1,00;0,67;0,64;
3.5.2015 00:15;000,7;000,0;000,0;000,0;000,0;000,0;14492;1833498;9;102045;412;2915;0;0;0;0;0;0;0;;1,00;0,00;0,75;0,00;0,00;0,00;13614,00;12351,00;13465,00;0,08;0,03;0,09;;1,00;0,00;1,00;0,00;0,00;0,66;1,75;0,00;0,66;2,60;2,72;1,98;0,44;0,00;0,65;0,68;1,00;0,67;0,64;
3.5.2015 00:30;000,8;000,0;000,0;000,0;000,0;000,0;14492;1833498;9;102045;412;2915;0;0;0;0;0;0;0;;1,00;0,00;0,75;0,00;0,00;0,00;13604,00;12343,00;13449,00;0,08;0,03;0,09;;1,00;0,00;1,00;0,00;0,00;0,66;1,75;0,00;0,66;2,60;2,72;1,98;0,44;0,00;0,65;0,68;1,00;0,67;0,64;
3.5.2015 00:45;000,7;000,0;000,0;000,0;000,0;000,0;14493;1833498;9;102045;412;2915;0;0;0;0;0;0;0;;1,00;0,00;0,75;0,00;0,00;0,00;13634,00;12360,00;13479,00;0,08;0,03;0,09;;1,00;0,00;1,00;0,00;0,00;0,66;1,75;0,00;0,66;2,60;2,73;1,98;0,44;0,00;0,65;0,68;1,00;0,67;0,64;
3.5.2015 01:00;000,8;000,0;000,0;000,0;000,0;000,0;14493;1833498;9;102045;412;2915;0;0;0;0;0;0;0;;1,00;0,00;0,75;0,00;0,00;0,00;13630,00;12380,00;13483,00;0,07;0,03;0,09;;1,00;0,00;1,00;0,00;0,00;0,66;1,75;0,00;0,66;2,60;2,73;1,99;0,44;0,00;0,65;0,68;1,00;0,67;0,64;
3.5.2015 01:15;000,7;000,0;000,0;000,0;000,0;000,0;14493;1833498;9;102045;412;2915;0;0;0;0;0;0;0;;1,00;0,00;0,75;0,00;0,00;0,00;13640,00;12373,00;13477,00;0,08;0,03;0,09;;1,00;0,00;1,00;0,00;0,00;0,66;1,75;0,00;0,66;2,60;2,73;1,99;0,44;0,00;0,65;0,68;1,00;0,67;0,64;
3.5.2015 01:30;000,8;000,0;000,0;000,0;000,0;000,0;14493;1833498;9;102045;412;2915;0;0;0;0;0;0;0;;1,00;0,00;0,75;0,00;0,00;0,00;13664,00;12365,00;13493,00;0,08;0,03;0,09;;1,00;0,00;1,00;0,00;0,00;0,66;1,75;0,00;0,66;2,61;2,73;1,99;0,44;0,00;0,65;0,68;1,00;0,67;0,64;
3.5.2015 01:45;000,8;000,0;000,0;000,0;000,0;000,0;14493;1833498;9;102045;412;2915;0;0;0;0;0;0;0;;1,00;0,00;0,75;0,00;0,00;0,00;13658,00;12383,00;13500,00;0,08;0,03;0,09;;1,00;0,00;1,00;0,00;0,00;0,66;1,75;0,00;0,66;2,61;2,73;1,99;0,44;0,00;0,65;0,68;1,00;0,67;0,64;
3.5.2015 02:00;000,7;000,0;000,0;000,0;000,0;000,0;14494;1833498;9;102045;412;2915;0;0;0;0;0;0;0;;1,00;0,00;0,75;0,00;0,00;0,00;13639,00;12401,00;13493,00;0,08;0,03;0,09;;1,00;0,00;1,00;0,00;0,00;0,66;1,75;0,00;0,66;2,64;2,77;2,04;0,44;0,00;0,66;0,69;1,00;0,66;0,63;
3.5.2015 02:15;000,8;000,0;000,0;000,0;000,0;000,0;14494;1833498;9;102045;412;2915;0;0;0;0;0;0;0;;1,00;0,00;0,75;0,00;0,00;0,00;13653,00;12382,00;13495,00;0,08;0,03;0,09;;1,00;0,00;1,00;0,00;0,00;0,66;1,75;0,00;0,66;2,64;2,77;2,04;0,44;0,00;0,66;0,69;1,00;0,66;0,63;
3.5.2015 02:30;000,7;000,0;000,0;000,0;000,0;000,0;14494;1833498;9;102045;412;2915;0;0;0;0;0;0;0;;1,00;0,00;0,75;0,00;0,00;0,00;13645,00;12391,00;13496,00;0,08;0,03;0,09;;1,00;0,00;1,00;0,00;0,00;0,66;1,75;0,00;0,66;2,64;2,77;2,04;0,44;0,00;0,66;0,69;1,00;0,66;0,63;
3.5.2015 02:45;000,8;000,0;000,0;000,0;000,0;000,0;14494;1833498;9;102045;412;2915;0;0;0;0;0;0;0;;1,00;0,00;0,75;0,00;0,00;0,00;13647,00;12366,00;13483,00;0,08;0,03;0,09;;1,00;0,00;1,00;0,00;0,00;0,66;1,75;0,00;0,66;2,64;2,77;2,04;0,44;0,00;0,66;0,69;1,00;0,66;0,63;
3.5.2015 03:00;000,8;000,0;000,0;000,0;000,0;000,0;14494;1833498;9;102045;412;2915;0;0;0;0;0;0;0;;1,00;0,00;0,75;0,00;0,00;0,00;13617,00;12400,00;13476,00;0,08;0,03;0,09;;1,00;0,00;1,00;0,00;0,00;0,66;1,75;0,00;0,66;2,60;2,73;1,99;0,44;0,00;0,65;0,68;1,00;0,67;0,64;
3.5.2015 03:15;000,7;000,0;000,0;000,0;000,0;000,0;14495;1833498;9;102045;412;2915;0;0;0;0;0;0;0;;1,00;0,00;0,75;0,00;0,00;0,00;13658,00;12380,00;13495,00;0,08;0,03;0,09;;1,00;0,00;1,00;0,00;0,00;0,66;1,75;0,00;0,66;2,61;2,73;1,99;0,44;0,00;0,65;0,68;1,00;0,67;0,64;
3.5.2015 03:30;000,8;000,0;000,0;000,0;000,0;000,0;14495;1833498;9;102045;412;2915;0;0;0;0;0;0;0;;1,00;0,00;0,75;0,00;0,00;0,00;13672,00;12396,00;13496,00;0,08;0,03;0,09;;1,00;0,00;1,00;0,00;0,00;0,66;1,75;0,00;0,66;2,64;2,77;2,05;0,44;0,00;0,66;0,69;1,00;0,66;0,63;
3.5.2015 03:45;000,7;000,0;000,0;000,0;000,0;000,0;14495;1833498;9;102045;412;2915;0;0;0;0;0;0;0;;1,00;0,00;0,75;0,00;0,00;0,00;13683,00;12394,00;13500,00;0,08;0,03;0,09;;1,00;0,00;1,00;0,00;0,00;0,66;1,75;0,00;0,66;2,61;2,73;1,99;0,44;0,00;0,65;0,68;1,00;0,67;0,64;
3.5.2015 04:00;000,8;000,0;000,0;000,0;000,0;000,0;14495;1833498;9;102045;412;2915;0;0;0;0;0;0;0;;1,00;0,00;0,75;0,00;0,00;0,00;13659,00;12408,00;13495,00;0,08;0,03;0,09;;1,00;0,00;1,00;0,00;0,00;0,66;1,75;0,00;0,66;2,64;2,77;2,05;0,44;0,00;0,66;0,69;1,00;0,66;0,63;
3.5.2015 04:15;000,8;000,0;000,0;000,0;000,0;000,0;14495;1833498;9;102045;412;2915;0;0;0;0;0;0;0;;1,00;0,00;0,75;0,00;0,00;0,00;13645,00;12388,00;13479,00;0,08;0,03;0,09;;1,00;0,00;1,00;0,00;0,00;0,66;1,75;0,00;0,66;2,64;2,77;2,04;0,44;0,00;0,66;0,69;1,00;0,66;0,63;
3.5.2015 04:30;000,7;000,0;000,0;000,0;000,0;000,0;14496;1833498;9;102045;412;2915;0;0;0;0;0;0;0;;1,00;0,00;0,75;0,00;0,00;0,00;13669,00;12398,00;13487,00;0,08;0,03;0,09;;1,00;0,00;1,00;0,00;0,00;0,66;1,75;0,00;0,66;2,64;2,77;2,05;0,44;0,00;0,66;0,69;1,00;0,66;0,63;
3.5.2015 04:45;000,8;000,0;000,0;000,0;000,0;000,0;14496;1833498;9;102045;412;2915;0;0;0;0;0;0;0;;1,00;0,00;0,75;0,00;0,00;0,00;13647,00;12392,00;13465,00;0,08;0,03;0,09;;1,00;0,00;1,00;0,00;0,00;0,66;1,75;0,00;0,66;2,64;2,77;2,04;0,44;0,00;0,66;0,69;1,00;0,66;0,63;
3.5.2015 05:00;000,7;000,0;000,0;000,0;000,0;000,0;14496;1833498;9;102045;412;2915;0;0;0;0;0;0;0;;1,00;0,00;0,75;0,00;0,00;0,00;13669,00;12415,00;13492,00;0,08;0,03;0,09;;1,00;0,00;1,00;0,00;0,00;0,66;1,75;0,00;0,66;2,64;2,77;2,05;0,44;0,00;0,66;0,69;1,00;0,66;0,63;
3.5.2015 05:15;000,8;000,0;000,0;000,0;000,0;000,0;14496;1833498;9;102045;412;2915;0;0;0;0;0;0;0;;1,00;0,00;0,75;0,00;0,00;0,00;13691,00;12401,00;13498,00;0,08;0,03;0,09;;1,00;0,00;1,00;0,00;0,00;0,66;1,75;0,00;0,66;2,65;2,78;2,05;0,44;0,00;0,66;0,69;1,00;0,66;0,63;
3.5.2015 05:30;000,7;000,0;000,0;000,0;000,0;000,1;14496;1833498;9;102045;412;2915;0;0;0;0;0;0;0;;1,00;0,00;0,50;-3,00;-2,75;-3,50;13663,00;12377,00;13482,00;0,24;0,24;0,28;;3,25;2,75;3,75;0,75;0,00;1,25;1,75;-9,50;2,00;10,06;10,09;2,10;0,44;-2,38;2,51;2,52;0,66;0,17;0,17;
3.5.2015 05:45;000,1;002,4;000,0;000,0;000,0;000,0;14496;1833498;9;102045;412;2915;0;0;0;0;0;0;0;;-3,25;-3,50;-3,75;0,00;0,00;0,00;13720,00;12413,00;13525,00;0,27;0,31;0,30;;3,50;3,75;4,00;1,30;1,35;1,39;-10,75;0,00;4,04;11,67;11,73;2,40;-2,69;0,00;2,92;2,93;1,00;-0,92;-0,92;
3.5.2015 06:00;000,0;005,8;000,0;000,0;000,0;000,0;14496;1833500;9;102045;412;2915;0;0;0;0;0;0;0;;-6,00;-6,00;-6,50;0,00;0,00;0,00;13673,00;12376,00;13492,00;0,46;0,51;0,50;;6,25;6,25;6,50;1,75;1,75;0,00;-18,75;0,00;3,50;19,21;19,28;2,81;-4,69;0,00;4,80;4,82;1,00;-0,98;-0,97;
3.5.2015 06:15;000,0;010,2;000,0;000,0;000,0;000,0;14496;1833502;9;102045;412;2915;0;0;0;0;0;0;0;;-11,50;-11,00;-11,75;0,00;0,00;0,00;13659,00;12393,00;13503,00;0,85;0,91;0,89;;11,50;11,25;11,75;0,00;2,36;0,00;-34,75;0,00;2,36;34,91;34,98;3,29;-8,69;0,00;8,73;8,75;1,00;-1,00;-0,99;
3.5.2015 06:30;000,0;016,8;000,0;000,0;000,0;000,0;14496;1833507;9;102045;412;2915;0;0;0;0;0;0;0;;-15,75;-15,00;-16,00;0,00;0,00;0,00;13662,00;12382,00;13515,00;1,16;1,23;1,20;;15,75;15,00;16,25;0,00;0,00;2,84;-47,25;0,00;2,84;47,34;47,43;2,94;-11,81;0,00;11,83;11,86;1,00;-1,00;-1,00;
3.5.2015 06:45;000,0;025,8;000,0;000,5;000,0;000,0;14496;1833513;9;102045;412;2915;0;0;0;0;0;0;0;;-32,50;-30,25;-32,50;0,00;1,00;2,00;13653,00;12389,00;13515,00;2,39;2,46;2,43;;32,50;30,25;32,75;0,00;nan;3,51;-95,50;3,25;nan;95,85;95,99;NaN;-23,88;0,81;23,96;24,00;1,00;-1,00;-0,99;
3.5.2015 07:00;000,0;044,0;000,0;001,7;000,0;000,0;14496;1833524;9;102045;412;2915;0;0;0;0;0;0;0;;-50,50;-46,75;-50,50;0,00;2,00;3,75;13649,00;12376,00;13514,00;3,71;3,78;3,75;;50,50;46,75;50,75;0,00;nan;3,35;-147,75;6,00;nan;148,16;148,35;NaN;-36,94;1,50;37,04;37,09;1,00;-1,00;-1,00;
3.5.2015 07:15;000,0;069,2;000,0;003,1;000,0;000,0;14496;1833542;9;102046;412;2915;0;0;0;0;0;0;0;;-68,50;-62,75;-68,00;0,00;3,25;6,00;13660,00;12374,00;13500,00;5,02;5,10;5,07;;68,50;63,00;68,25;0,00;4,57;nan;-199,50;9,50;nan;200,03;200,27;NaN;-49,88;2,38;50,01;50,07;1,00;-1,00;-1,00;
3.5.2015 07:30;000,0;083,0;000,0;004,0;000,0;000,0;14496;1833563;9;102047;412;2915;0;0;0;0;0;0;0;;-79,25;-73,25;-79,00;0,75;4,00;7,25;13581,00;12348,00;13473,00;5,85;5,95;5,90;;79,25;73,25;79,50;nan;nan;5,17;-231,75;12,50;nan;232,42;232,69;NaN;-57,94;3,12;58,10;58,17;1,00;-1,00;-1,00;
3.5.2015 07:45;000,0;098,9;000,0;005,5;000,0;000,0;14496;1833587;9;102049;412;2915;0;0;0;0;0;0;0;;-83,75;-77,25;-83,50;0,75;4,50;7,75;13607,00;12385,00;13496,00;6,17;6,26;6,23;;83,75;77,50;84,00;nan;4,29;4,87;-244,75;13,50;nan;245,56;245,84;NaN;-61,19;3,38;61,39;61,46;1,00;-1,00;-1,00;
3.5.2015 08:00;000,0;104,3;000,0;006,0;000,0;000,0;14496;1833613;9;102050;412;2915;0;0;0;0;0;0;0;;-99,75;-91,75;-99,00;1,50;5,75;10,00;13620,00;12386,00;13497,00;7,33;7,43;7,39;;99,75;92,00;99,75;nan;3,59;7,00;-290,75;17,50;nan;291,61;291,93;NaN;-72,69;4,38;72,90;72,98;1,00;-1,00;-1,00;
3.5.2015 08:15;000,0;137,6;000,0;009,2;000,0;000,0;14496;1833648;9;102052;412;2915;0;0;0;0;0;0;0;;-132,00;-121,25;-130,75;3,25;8,75;14,75;13624,00;12405,00;13495,00;9,70;9,81;9,76;;132,00;121,50;131,75;nan;nan;6,70;-384,25;26,75;nan;385,66;386,06;NaN;-96,06;6,69;96,41;96,51;1,00;-1,00;-1,00;
3.5.2015 08:30;000,0;156,4;000,0;008,6;000,0;000,0;14496;1833687;9;102055;412;2915;0;0;0;0;0;0;0;;-157,25;-144,00;-156,00;1,50;8,25;15,75;13615,00;12378,00;13488,00;11,57;11,67;11,65;;157,50;144,25;157,00;8,74;2,00;8,06;-457,75;26,00;18,80;459,01;459,48;23,55;-114,44;6,50;114,75;114,87;1,00;-1,00;-1,00;
3.5.2015 08:45;000,0;175,9;000,0;009,8;000,0;000,0;14496;1833731;9;102057;412;2915;0;0;0;0;0;0;0;;-177,25;-162,75;-176,50;2,50;10,25;17,75;13586,00;12362,00;13475,00;13,06;13,21;13,18;;177,25;163,25;177,50;nan;7,61;6,24;-516,75;30,75;nan;518,23;518,78;NaN;-129,19;7,69;129,56;129,69;1,00;-1,00;-1,00;
3.5.2015 09:00;000,0;136,9;000,0;006,9;000,0;000,0;14496;1833765;9;102059;412;2915;0;0;0;0;0;0;0;;-99,75;-91,25;-99,25;0,00;4,50;9,00;13556,00;12308,00;13428,00;7,36;7,43;7,43;;99,75;91,25;99,50;0,00;nan;nan;-290,25;13,50;nan;290,96;291,26;NaN;-72,56;3,38;72,74;72,81;1,00;-1,00;-1,00;
3.5.2015 09:15;000,0;145,9;000,0;007,8;000,0;000,0;14496;1833802;9;102061;412;2915;0;0;0;0;0;0;0;;-102,25;-94,00;-102,00;0,00;4,75;9,00;13584,00;12370,00;13482,00;7,54;7,61;7,61;;102,25;94,00;102,50;0,00;nan;4,61;-298,50;13,75;nan;299,15;299,45;NaN;-74,62;3,44;74,79;74,86;1,00;-1,00;-1,00;
3.5.2015 09:30;000,0;207,0;000,0;012,6;000,0;000,0;14496;1833854;9;102064;412;2915;0;0;0;0;0;0;0;;-196,25;-180,00;-195,25;3,50;12,00;20,75;13550,00;12331,00;13445,00;14,51;14,65;14,61;;196,50;180,50;196,25;9,27;6,02;nan;-572,00;36,25;nan;573,75;574,34;NaN;-143,00;9,06;143,44;143,59;1,00;-1,00;-1,00;
3.5.2015 09:45;000,0;216,4;000,0;013,4;000,0;000,0;14496;1833908;9;102067;412;2915;0;0;0;0;0;0;0;;-119,00;-109,75;-119,00;0,00;6,00;10,50;13564,00;12354,00;13452,00;8,79;8,91;8,89;;119,25;110,00;119,50;7,72;4,35;3,00;-348,00;16,75;15,07;348,89;349,26;19,20;-87,00;4,19;87,22;87,31;1,00;-1,00;-1,00;
3.5.2015 10:00;000,0;216,3;000,0;013,5;000,0;000,0;14496;1833962;9;102071;412;2915;0;0;0;0;0;0;0;;-239,00;-219,00;-237,25;6,00;16,00;26,75;13549,00;12343,00;13438,00;17,66;17,82;17,77;;239,25;219,75;238,75;9,14;8,55;nan;-695,50;49,00;nan;698,02;698,71;NaN;-173,88;12,25;174,51;174,68;1,00;-1,00;-1,00;
3.5.2015 10:15;000,0;265,9;000,0;018,5;000,0;000,0;14496;1834029;9;102075;412;2915;0;0;0;0;0;0;0;;-232,25;-213,25;-230,50;5,75;15,50;26,00;13500,00;12306,00;13385,00;17,24;17,40;17,35;;232,50;214,00;232,00;9,12;8,95;4,21;-676,50;47,50;22,29;678,93;679,60;38,04;-169,12;11,88;169,73;169,90;1,00;-1,00;-1,00;
3.5.2015 10:30;000,0;275,1;000,0;019,4;000,0;000,0;14496;1834097;9;102080;412;2915;0;0;0;0;0;0;0;;-245,25;-225,50;-243,50;6,50;17,00;27,50;13505,00;12325,00;13396,00;18,18;18,37;18,31;;245,50;226,25;245,25;8,97;7,06;9,95;-714,50;51,50;25,98;717,21;717,91;39,53;-178,62;12,88;179,30;179,48;1,00;-1,00;-1,00;
3.5.2015 10:45;000,0;282,9;000,0;020,3;000,0;000,0;14496;1834168;9;102085;412;2915;0;0;0;0;0;0;0;;-263,00;-242,25;-261,25;7,75;18,50;29,50;13558,00;12364,00;13435,00;19,42;19,66;19,59;;263,25;243,00;263,00;8,46;4,66;6,87;-766,50;56,00;19,98;769,50;770,28;47,67;-191,62;14,00;192,37;192,57;1,00;-1,00;-1,00;
3.5.2015 11:00;000,0;310,7;000,0;022,9;000,0;000,0;14496;1834246;9;102091;412;2915;0;0;0;0;0;0;0;;-264,25;-242,75;-262,50;7,50;18,50;30,00;13543,00;12353,00;13436,00;19,53;19,74;19,67;;264,50;243,75;264,25;8,71;12,01;4,67;-769,75;56,25;25,40;772,63;773,40;42,69;-192,44;14,06;193,16;193,35;1,00;-1,00;-1,00;
3.5.2015 11:15;000,0;317,8;000,0;023,5;000,0;000,0;14496;1834326;9;102097;412;2915;0;0;0;0;0;0;0;;-281,25;-258,00;-278,50;8,25;19,50;32,75;13557,00;12370,00;13435,00;20,76;20,93;20,88;;281,50;258,75;280,50;8,52;2,70;6,74;-817,75;60,75;17,97;820,94;821,71;49,75;-204,44;15,19;205,23;205,43;1,00;-1,00;-1,00;
3.5.2015 11:30;000,0;328,8;000,0;024,6;000,0;000,0;14496;1834408;9;102103;412;2915;0;0;0;0;0;0;0;;-290,50;-267,50;-288,50;9,00;21,00;33,50;13540,00;12367,00;13424,00;21,48;21,72;21,65;;290,75;268,50;290,50;8,02;9,75;5,98;-846,75;63,75;23,75;850,12;850,94;49,78;-211,69;15,94;212,53;212,73;1,00;-1,00;-1,00;
3.5.2015 11:45;000,0;347,0;000,0;026,4;000,0;000,0;14496;1834494;9;102109;412;2915;0;0;0;0;0;0;0;;-250,75;-230,75;-249,25;7,00;17,50;28,00;13544,00;12363,00;13429,00;18,53;18,75;18,69;;251,00;231,75;251,00;8,74;12,50;9,56;-731,00;52,75;30,81;733,87;734,59;39,09;-182,75;13,19;183,47;183,65;1,00;-1,00;-1,00;
3.5.2015 12:00;000,0;289,6;000,0;020,9;000,0;000,0;14496;1834567;9;102115;412;2915;0;0;0;0;0;0;0;;-177,75;-163,50;-176,75;2,75;10,25;18,25;13553,00;12399,00;13452,00;13,13;13,23;13,22;;178,00;164,00;177,75;9,02;7,66;4,63;-518,00;31,50;21,31;519,86;520,32;30,96;-129,50;7,88;129,96;130,08;1,00;-1,00;-1,00;
3.5.2015 12:15;000,0;178,0;000,0;009,9;000,0;000,0;14496;1834610;9;102117;412;2915;0;0;0;0;0;0;0;;-111,75;-103,50;-111,75;0,00;5,50;9,50;13576,00;12373,00;13463,00;8,23;8,38;8,35;;111,75;103,50;112,25;0,00;nan;4,66;-327,00;15,00;nan;327,90;328,26;NaN;-81,75;3,75;81,97;82,07;1,00;-1,00;-1,00;
3.5.2015 12:30;000,0;118,5;000,0;005,3;000,0;000,0;14496;1834640;9;102118;412;2915;0;0;0;0;0;0;0;;-89,75;-83,00;-89,75;0,00;4,00;7,25;13591,00;12395,00;13465,00;6,61;6,72;6,70;;89,75;83,25;90,00;0,00;5,06;nan;-262,75;11,25;nan;263,38;263,66;NaN;-65,69;2,81;65,84;65,91;1,00;-1,00;-1,00;
3.5.2015 12:45;000,0;089,4;000,0;003,7;000,0;000,0;14496;1834662;9;102119;412;2915;0;0;0;0;0;0;0;;-82,00;-75,50;-81,75;0,00;3,25;6,50;13574,00;12388,00;13465,00;6,04;6,12;6,11;;82,00;75,75;82,00;0,00;5,22;nan;-239,50;10,00;nan;240,01;240,25;NaN;-59,88;2,50;60,00;60,06;1,00;-1,00;-1,00;
3.5.2015 13:00;000,0;097,4;000,0;004,2;000,0;000,0;14496;1834687;9;102120;412;2915;0;0;0;0;0;0;0;;-84,25;-78,25;-84,50;0,00;3,75;6,50;13570,00;12410,00;13459,00;6,22;6,32;6,30;;84,25;78,25;84,75;0,00;nan;0,25;-247,25;10,50;nan;247,66;247,91;NaN;-61,81;2,62;61,92;61,98;1,00;-1,00;-1,00;
3.5.2015 13:15;000,0;117,0;000,0;005,2;000,0;000,0;14496;1834716;9;102122;412;2915;0;0;0;0;0;0;0;;-95,00;-87,75;-94,75;0,00;4,00;7,75;13588,00;12401,00;13465,00;7,00;7,09;7,07;;95,00;87,75;95,00;0,00;nan;nan;-277,50;12,00;nan;278,10;278,38;NaN;-69,38;3,00;69,53;69,60;1,00;-1,00;-1,00;
3.5.2015 13:30;000,0;075,7;000,0;003,3;000,0;000,0;14496;1834735;9;102123;412;2915;0;0;0;0;0;0;0;;-58,25;-53,75;-58,00;0,00;2,50;4,75;13589,00;12382,00;13463,00;4,29;4,36;4,34;;58,25;54,00;58,25;0,00;4,55;2,55;-170,25;7,50;7,10;170,64;170,83;9,60;-42,56;1,88;42,66;42,71;1,00;-1,00;-1,00;
3.5.2015 13:45;000,0;064,0;000,0;002,8;000,0;000,0;14496;1834751;9;102123;412;2915;0;0;0;0;0;0;0;;-45,25;-42,00;-45,25;0,00;1,75;3,50;13626,00;12413,00;13496,00;3,34;3,39;3,38;;45,25;42,00;45,50;0,00;nan;3,23;-132,75;5,25;nan;133,17;133,32;NaN;-33,19;1,31;33,29;33,33;1,00;-1,00;-1,00;
3.5.2015 14:00;000,0;072,9;000,0;003,3;000,0;000,0;14496;1834769;9;102124;412;2915;0;0;0;0;0;0;0;;-68,25;-63,25;-68,25;0,00;3,25;6,00;13600,00;12436,00;13495,00;5,04;5,11;5,08;;68,50;63,25;68,50;5,85;nan;nan;-200,00;9,25;nan;200,58;200,78;NaN;-50,00;2,31;50,15;50,20;1,00;-1,00;-1,00;
3.5.2015 14:15;000,0;100,6;000,0;005,7;000,0;000,0;14496;1834794;9;102125;412;2915;0;0;0;0;0;0;0;;-104,50;-96,75;-104,00;2,00;6,25;10,50;13625,00;12434,00;13499,00;7,68;7,80;7,75;;104,50;97,00;104,50;nan;3,06;nan;-305,25;19,00;nan;306,27;306,60;NaN;-76,31;4,75;76,57;76,65;1,00;-1,00;-1,00;
3.5.2015 14:30;000,0;131,7;000,0;007,9;000,0;000,0;14496;1834827;9;102127;412;2915;0;0;0;0;0;0;0;;-133,75;-123,00;-133,00;0,75;6,50;12,50;13608,00;12409,00;13483,00;9,84;9,93;9,91;;133,75;123,25;133,50;nan;4,39;nan;-389,75;20,00;nan;390,87;391,25;NaN;-97,44;5,00;97,72;97,81;1,00;-1,00;-1,00;
3.5.2015 14:45;000,0;103,4;000,0;004,7;000,0;000,0;14496;1834853;9;102129;412;2915;0;0;0;0;0;0;0;;-63,25;-58,50;-63,00;0,00;3,00;5,50;13631,00;12414,00;13497,00;4,65;4,72;4,70;;63,25;58,50;63,25;0,00;nan;1,15;-185,00;8,50;nan;185,45;185,65;NaN;-46,25;2,12;46,36;46,41;1,00;-1,00;-1,00;
3.5.2015 15:00;000,0;079,7;000,0;003,8;000,0;000,0;14496;1834873;9;102130;412;2915;0;0;0;0;0;0;0;;-90,75;-84,25;-90,50;1,25;5,25;8,75;13634,00;12431,00;13512,00;6,67;6,80;6,74;;90,75;84,25;91,00;nan;nan;3,77;-265,75;15,50;nan;266,58;266,88;NaN;-66,44;3,88;66,64;66,72;1,00;-1,00;-1,00;
3.5.2015 15:15;000,0;106,0;000,0;006,1;000,0;000,0;14496;1834899;9;102131;412;2915;0;0;0;0;0;0;0;;-88,25;-81,75;-88,00;1,00;5,00;8,50;13625,00;12413,00;13495,00;6,49;6,61;6,57;;88,25;81,75;88,50;nan;nan;4,00;-258,25;14,75;nan;259,08;259,37;NaN;-64,56;3,69;64,77;64,84;1,00;-1,00;-1,00;
3.5.2015 15:30;000,0;115,7;000,0;007,1;000,0;000,0;14496;1834928;9;102133;412;2915;0;0;0;0;0;0;0;;-101,25;-93,25;-100,75;1,75;6,00;10,50;13620,00;12406,00;13495,00;7,45;7,54;7,51;;101,25;93,50;101,25;nan;3,27;nan;-295,50;18,25;nan;296,39;296,70;NaN;-73,88;4,56;74,10;74,17;1,00;-1,00;-1,00;
3.5.2015 15:45;000,0;107,0;000,0;006,2;000,0;000,0;14496;1834955;9;102134;412;2915;0;0;0;0;0;0;0;;-80,25;-74,25;-80,00;0,75;4,25;7,25;13609,00;12387,00;13474,00;5,90;6,01;5,97;;80,25;74,50;80,25;nan;4,37;nan;-234,50;12,50;nan;235,24;235,52;NaN;-58,62;3,12;58,81;58,88;1,00;-1,00;-1,00;
3.5.2015 16:00;000,0;088,3;000,0;004,4;000,0;000,0;14496;1834977;9;102136;412;2915;0;0;0;0;0;0;0;;-68,50;-63,25;-68,25;0,00;3,25;6,00;13636,00;12420,00;13502,00;5,03;5,11;5,08;;68,50;63,25;68,50;0,00;nan;nan;-200,00;9,25;nan;200,61;200,83;NaN;-50,00;2,31;50,15;50,21;1,00;-1,00;-1,00;
3.5.2015 16:15;000,0;076,6;000,0;003,6;000,0;000,0;14496;1834996;9;102136;412;2915;0;0;0;0;0;0;0;;-63,75;-59,25;-63,75;0,00;3,00;5,25;13571,00;12395,00;13462,00;4,72;4,79;4,76;;64,00;59,25;64,00;5,65;nan;2,09;-187,00;8,25;nan;187,50;187,70;NaN;-46,75;2,06;46,88;46,93;1,00;-1,00;-1,00;
3.5.2015 16:30;000,0;070,5;000,0;003,1;000,0;000,0;14496;1835014;9;102137;412;2915;0;0;0;0;0;0;0;;-44,00;-40,75;-44,00;0,00;1,75;3,00;13615,00;12425,00;13490,00;3,24;3,30;3,28;;44,00;41,00;44,25;0,00;4,17;3,61;-129,00;5,00;7,78;129,36;129,51;6,72;-32,25;1,25;32,34;32,38;1,00;-1,00;-1,00;
3.5.2015 16:45;000,0;045,2;000,0;001,7;000,0;000,0;14496;1835025;9;102138;412;2915;0;0;0;0;0;0;0;;-37,50;-34,75;-37,50;0,00;1,50;2,50;13588,00;12390,00;13474,00;2,76;2,82;2,80;;37,50;34,75;37,75;0,00;nan;3,54;-110,00;4,00;nan;110,27;110,40;NaN;-27,50;1,00;27,57;27,60;1,00;-1,00;-1,00;
3.5.2015 17:00;000,0;039,0;000,0;001,4;000,0;000,0;14496;1835035;9;102138;412;2915;0;0;0;0;0;0;0;;-32,50;-30,25;-32,75;0,00;1,00;2,00;13605,00;12411,00;13486,00;2,40;2,46;2,44;;32,50;30,50;32,75;0,00;3,77;nan;-95,75;3,25;nan;96,06;96,17;NaN;-23,94;0,81;24,01;24,04;1,00;-1,00;-1,00;
3.5.2015 17:15;000,0;030,3;000,0;001,0;000,0;000,0;14496;1835042;9;102138;412;2915;0;0;0;0;0;0;0;;-21,00;-19,75;-21,25;0,00;0,00;1,00;13609,00;12384,00;13484,00;1,56;1,62;1,59;;21,00;20,00;21,25;0,00;3,15;nan;-62,50;1,00;nan;62,70;62,80;NaN;-15,62;0,25;15,68;15,70;1,00;-1,00;-1,00;
3.5.2015 17:30;000,0;023,2;000,0;000,3;000,0;000,0;14496;1835048;9;102138;412;2915;0;0;0;0;0;0;0;;-18,00;-17,50;-18,75;0,00;0,75;0,00;13614,00;12424,00;13504,00;1,33;1,42;1,39;;18,00;17,50;18,75;0,00;nan;0,00;-54,50;0,75;nan;54,62;54,73;NaN;-13,62;0,19;13,65;13,68;1,00;-1,00;-1,00;
3.5.2015 17:45;000,0;021,0;000,0;000,2;000,0;000,0;14496;1835053;9;102138;412;2915;0;0;0;0;0;0;0;;-17,00;-16,25;-17,50;0,00;0,00;0,00;13572,00;12389,00;13463,00;1,26;1,32;1,31;;17,00;16,25;17,50;0,00;0,00;0,00;-51,00;0,00;0,00;51,15;51,24;4,94;-12,75;0,00;12,79;12,81;1,00;-1,00;-1,00;
3.5.2015 18:00;000,0;019,6;000,0;000,1;000,0;000,0;14496;1835058;9;102138;412;2915;0;0;0;0;0;0;0;;-13,25;-12,75;-13,75;0,00;0,00;0,00;13622,00;12390,00;13496,00;0,98;1,04;1,02;;13,25;12,75;13,75;0,00;0,00;0,00;-39,75;0,00;0,00;40,04;40,11;5,39;-9,94;0,00;10,01;10,03;1,00;-0,99;-0,99;
3.5.2015 18:15;000,0;014,7;000,0;000,0;000,0;000,0;14496;1835062;9;102138;412;2915;0;0;0;0;0;0;0;;-12,00;-11,75;-12,50;0,00;0,00;0,00;13617,00;12394,00;13486,00;0,90;0,96;0,94;;12,25;11,75;12,50;2,46;0,00;0,00;-36,50;0,00;2,46;36,80;36,88;4,63;-9,12;0,00;9,20;9,22;1,00;-0,99;-0,99;
3.5.2015 18:30;000,0;012,7;000,0;000,0;000,0;000,0;14496;1835065;9;102138;412;2915;0;0;0;0;0;0;0;;-9,25;-9,50;-10,25;0,00;0,00;0,00;13664,00;12438,00;13538,00;0,70;0,79;0,76;;9,50;9,75;10,25;2,17;2,19;0,00;-29,25;0,00;4,36;29,65;29,76;3,34;-7,31;0,00;7,41;7,44;1,00;-0,99;-0,98;
3.5.2015 18:45;000,0;010,6;000,0;000,0;000,0;000,0;14496;1835068;9;102138;412;2915;0;0;0;0;0;0;0;;-6,75;-6,75;-7,25;0,00;0,00;0,00;13484,00;12276,00;13356,00;0,52;0,57;0,56;;6,75;7,00;7,25;0,00;1,85;0,00;-21,00;0,00;1,85;21,45;21,52;4,32;-5,25;0,00;5,36;5,38;1,00;-0,98;-0,98;
3.5.2015 19:00;000,0;007,2;000,0;000,0;000,0;000,0;14496;1835069;9;102138;412;2915;0;0;0;0;0;0;0;;-5,25;-5,50;-5,75;0,00;0,00;0,00;13617,00;12374,00;13483,00;0,40;0,45;0,44;;5,50;5,50;5,75;1,64;0,00;0,00;-16,50;0,00;1,64;17,04;17,11;4,22;-4,12;0,00;4,26;4,28;1,00;-0,97;-0,96;
3.5.2015 19:15;000,0;003,5;000,0;000,0;000,0;000,0;14496;1835070;9;102138;412;2915;0;0;0;0;0;0;0;;-1,25;-1,75;-1,75;0,00;0,00;0,00;13574,00;12335,00;13466,00;0,15;0,19;0,18;;2,00;2,25;2,25;1,56;1,41;1,41;-5,00;0,00;4,39;6,71;6,76;1,19;-1,25;0,00;1,68;1,69;1,00;-0,75;-0,74;
3.5.2015 19:30;000,1;000,8;000,0;000,0;000,0;000,1;14496;1835071;9;102138;412;2915;0;0;0;0;0;0;0;;1,25;0,00;1,00;0,00;0,00;-0,75;13553,00;12353,00;13449,00;0,11;0,04;0,10;;1,50;0,00;1,25;0,83;0,00;0,00;2,25;-0,75;0,83;3,30;3,51;2,45;0,56;-0,19;0,83;0,88;0,94;0,68;0,64;
3.5.2015 19:45;000,7;000,0;000,0;000,0;000,0;000,0;14496;1835071;9;102138;412;2915;0;0;0;0;0;0;0;;0,75;0,00;0,75;0,00;0,00;0,00;13557,00;12347,00;13451,00;0,07;0,03;0,08;;0,75;0,00;1,00;0,00;0,00;0,66;1,75;0,00;0,66;2,46;2,56;1,75;0,44;0,00;0,62;0,64;1,00;0,71;0,68;
3.5.2015 20:00;000,8;000,0;000,0;000,0;000,0;000,0;14497;1835071;9;102138;412;2915;0;0;0;0;0;0;0;;0,75;0,00;0,75;0,00;0,00;0,00;13530,00;12309,00;13421,00;0,07;0,03;0,09;;1,00;0,00;1,00;0,66;0,00;0,66;1,75;0,00;1,32;2,56;2,68;1,53;0,44;0,00;0,64;0,67;1,00;0,68;0,65;
3.5.2015 20:15;000,8;000,0;000,0;000,0;000,0;000,1;14497;1835071;9;102138;412;2915;0;0;0;0;0;0;0;;1,25;0,00;0,75;0,00;0,00;-0,75;13485,00;12281,00;13381,00;0,11;0,03;0,10;;1,25;0,00;1,25;0,00;0,00;0,66;2,25;-0,75;0,66;3,25;3,48;2,46;0,56;-0,19;0,81;0,87;0,94;0,69;0,65;
3.5.2015 20:30;000,7;000,0;000,0;000,0;000,0;000,0;14497;1835071;9;102138;412;2915;0;0;0;0;0;0;0;;0,75;0,00;0,75;0,00;0,00;0,00;13510,00;12269,00;13392,00;0,07;0,03;0,09;;1,00;0,00;1,00;0,66;0,00;0,66;1,75;0,00;1,32;2,55;2,67;1,52;0,44;0,00;0,64;0,67;1,00;0,69;0,66;
3.5.2015 20:45;000,7;000,0;000,0;000,0;000,0;000,0;14497;1835071;9;102138;412;2915;0;0;0;0;0;0;0;;1,50;0,00;1,00;0,00;0,00;-0,75;13520,00;12293,00;13402,00;0,12;0,03;0,10;;1,50;0,00;1,25;0,00;0,00;0,00;2,50;-0,75;0,00;3,36;3,60;2,49;0,62;-0,19;0,84;0,90;0,96;0,74;0,69;
3.5.2015 21:00;000,8;000,0;000,0;000,0;000,0;000,1;14497;1835071;9;102138;412;2915;0;0;0;0;0;0;0;;0,75;0,00;0,75;0,00;0,00;0,00;13538,00;12282,00;13418,00;0,07;0,03;0,09;;1,00;0,00;1,00;0,66;0,00;0,66;1,75;0,00;1,32;2,56;2,67;1,53;0,44;0,00;0,64;0,67;1,00;0,68;0,65;
3.5.2015 21:15;000,7;000,0;000,0;000,0;000,0;000,0;14498;1835071;9;102138;412;2915;0;0;0;0;0;0;0;;0,75;0,00;0,75;0,00;0,00;0,00;13553,00;12347,00;13446,00;0,07;0,03;0,09;;1,00;0,00;1,00;0,66;0,00;0,66;1,75;0,00;1,32;2,56;2,68;1,54;0,44;0,00;0,64;0,67;1,00;0,68;0,65;
3.5.2015 21:30;000,8;000,0;000,0;000,0;000,0;000,0;14498;1835071;9;102138;412;2915;0;0;0;0;0;0;0;;0,75;0,00;0,75;0,00;0,00;0,00;13558,00;12337,00;13442,00;0,07;0,03;0,09;;1,00;0,00;1,00;0,66;0,00;0,66;1,75;0,00;1,32;2,56;2,68;1,54;0,44;0,00;0,64;0,67;1,00;0,68;0,65;
3.5.2015 21:45;000,7;000,0;000,0;000,0;000,0;000,0;14498;1835071;9;102138;412;2915;0;0;0;0;0;0;0;;1,00;0,00;0,75;0,00;0,00;0,00;13593,00;12363,00;13466,00;0,07;0,03;0,09;;1,00;0,00;1,00;0,00;0,00;0,66;1,75;0,00;0,66;2,57;2,69;1,93;0,44;0,00;0,64;0,67;1,00;0,68;0,65;
3.5.2015 22:00;000,8;000,0;000,0;000,0;000,0;000,0;14498;1835071;9;102138;412;2915;0;0;0;0;0;0;0;;0,75;0,00;0,75;0,00;0,00;0,00;13565,00;12352,00;13459,00;0,07;0,03;0,09;;1,00;0,00;1,00;0,66;0,00;0,66;1,75;0,00;1,32;2,56;2,68;1,55;0,44;0,00;0,64;0,67;1,00;0,68;0,65;
3.5.2015 22:15;000,7;000,0;000,0;000,0;000,0;000,0;14498;1835071;9;102138;412;2915;0;0;0;0;0;0;0;;0,75;0,00;0,75;0,00;0,00;0,00;13615,00;12363,00;13496,00;0,07;0,03;0,09;;1,00;0,00;1,00;0,66;0,00;0,66;1,75;0,00;1,32;2,57;2,69;1,56;0,44;0,00;0,64;0,67;1,00;0,68;0,65;
3.5.2015 22:30;000,7;000,0;000,0;000,0;000,0;000,0;14499;1835071;9;102138;412;2915;0;0;0;0;0;0;0;;1,00;0,00;0,75;0,00;0,00;0,00;13605,00;12375,00;13481,00;0,07;0,03;0,09;;1,00;0,00;1,00;0,00;0,00;0,66;1,75;0,00;0,66;2,57;2,69;1,93;0,44;0,00;0,64;0,67;1,00;0,68;0,65;
3.5.2015 22:45;000,8;000,0;000,0;000,0;000,0;000,0;14499;1835071;9;102138;412;2915;0;0;0;0;0;0;0;;1,00;0,00;0,75;0,00;0,00;0,00;13609,00;12405,00;13491,00;0,07;0,03;0,09;;1,00;0,00;1,00;0,00;0,00;0,66;1,75;0,00;0,66;2,57;2,69;1,94;0,44;0,00;0,64;0,67;1,00;0,68;0,65;
3.5.2015 23:00;000,7;000,0;000,0;000,0;000,0;000,0;14499;1835071;9;102138;412;2915;0;0;0;0;0;0;0;;1,00;0,00;0,75;0,00;0,00;0,00;13554,00;12353,00;13451,00;0,07;0,03;0,09;;1,00;0,00;1,00;0,00;0,00;0,66;1,75;0,00;0,66;2,56;2,68;1,92;0,44;0,00;0,64;0,67;1,00;0,68;0,65;
3.5.2015 23:15;000,7;000,0;000,0;000,0;000,0;000,0;14499;1835071;9;102138;412;2915;0;0;0;0;0;0;0;;1,00;0,00;0,75;0,00;0,00;0,00;13631,00;12391,00;13506,00;0,07;0,03;0,09;;1,00;0,00;1,00;0,00;0,00;0,66;1,75;0,00;0,66;2,57;2,69;1,94;0,44;0,00;0,64;0,67;1,00;0,68;0,65;
3.5.2015 23:30;000,8;000,0;000,0;000,0;000,0;000,0;14499;1835071;9;102138;412;2915;0;0;0;0;0;0;0;;1,00;0,00;0,75;0,00;0,00;0,00;13630,00;12391,00;13503,00;0,07;0,03;0,09;;1,00;0,00;1,00;0,00;0,00;0,66;1,75;0,00;0,66;2,57;2,69;1,94;0,44;0,00;0,64;0,67;1,00;0,68;0,65;
3.5.2015 23:45;000,7;000,0;000,0;000,0;000,0;000,0;14499;1835071;9;102138;412;2915;0;0;0;0;0;0;0;;0,75;0,00;0,75;0,00;0,00;0,00;13615,00;12365,00;13484,00;0,07;0,03;0,08;;1,00;0,00;1,00;0,66;0,00;0,66;1,75;0,00;1,32;2,54;2,65;1,48;0,44;0,00;0,63;0,66;1,00;0,69;0,66;
4.5.2015 00:00;000,7;000,0;000,0;000,0;000,0;000,0;14500;1835071;9;102138;412;2915;0;0;0;0;0;0;0;;1,00;0,00;0,75;0,00;0,00;0,00;13606,00;12389,00;13486,00;0,07;0,03;0,09;;1,00;0,00;1,00;0,00;0,00;0,66;1,75;0,00;0,66;2,57;2,69;1,93;0,44;0,00;0,64;0,67;1,00;0,68;0,65;
4.5.2015 00:15;000,8;000,0;000,0;000,0;000,0;000,0;14500;1835071;9;102138;412;2915;0;0;0;0;0;0;0;;1,00;0,00;0,75;0,00;0,00;0,00;13609,00;12399,00;13473,00;0,07;0,03;0,09;;1,00;0,00;1,00;0,00;0,00;0,66;1,75;0,00;0,66;2,57;2,69;1,93;0,44;0,00;0,64;0,67;1,00;0,68;0,65;
4.5.2015 00:30;000,7;000,0;000,0;000,0;000,0;000,0;14500;1835071;9;102138;412;2915;0;0;0;0;0;0;0;;0,75;0,00;0,75;0,00;0,00;0,00;13570,00;12342,00;13417,00;0,07;0,03;0,08;;1,00;0,00;1,00;0,66;0,00;0,66;1,75;0,00;1,32;2,53;2,64;1,47;0,44;0,00;0,63;0,66;1,00;0,69;0,66;
4.5.2015 00:45;000,7;000,0;000,0;000,0;000,0;000,0;14500;1835071;9;102138;412;2915;0;0;0;0;0;0;0;;0,75;0,00;0,75;0,00;0,00;0,00;13561,00;12335,00;13405,00;0,07;0,03;0,08;;1,00;0,00;1,00;0,66;0,00;0,66;1,75;0,00;1,32;2,52;2,64;1,46;0,44;0,00;0,63;0,66;1,00;0,69;0,66;
4.5.2015 01:00;000,8;000,0;000,0;000,0;000,0;000,0;14500;1835071;9;102138;412;2915;0;0;0;0;0;0;0;;1,00;0,00;0,75;0,00;0,00;0,00;13576,00;12352,00;13404,00;0,07;0,03;0,09;;1,00;0,00;1,00;0,00;0,00;0,66;1,75;0,00;0,66;2,56;2,68;1,92;0,44;0,00;0,64;0,67;1,00;0,68;0,65;
4.5.2015 01:15;000,7;000,0;000,0;000,0;000,0;000,0;14501;1835071;9;102138;412;2915;0;0;0;0;0;0;0;;0,75;0,00;0,75;0,00;0,00;0,00;13590,00;12345,00;13380,00;0,07;0,03;0,08;;1,00;0,00;1,00;0,66;0,00;0,66;1,75;0,00;1,32;2,52;2,64;1,47;0,44;0,00;0,63;0,66;1,00;0,69;0,66;
4.5.2015 01:29;000,7;000,0;000,0;000,0;000,0;000,0;14501;1835071;9;102138;412;2915;0;0;0;0;0;0;0;;1,00;0,00;0,75;0,00;0,00;0,00;13628,00;12380,00;13403,00;0,07;0,03;0,09;;1,00;0,00;1,00;0,00;0,00;0,66;1,75;0,00;0,66;2,56;2,69;1,93;0,44;0,00;0,64;0,67;1,00;0,68;0,65;
4.5.2015 01:30;000,7;000,0;000,0;000,0;000,0;000,0;14501;1835071;9;102138;412;2915;0;0;0;0;0;0;0;;1,00;0,00;0,75;0,00;0,00;0,00;13602,00;12377,00;13391,00;0,07;0,03;0,09;;1,00;0,00;1,00;0,00;0,00;0,66;1,75;0,00;0,66;2,56;2,68;1,92;0,44;0,00;0,64;0,67;1,00;0,68;0,65;
4.5.2015 01:45;000,8;000,0;000,0;000,0;000,0;000,0;14501;1835071;9;102138;412;2915;0;0;0;0;0;0;0;;1,00;0,00;0,75;0,00;0,00;0,00;13616,00;12374,00;13392,00;0,07;0,03;0,09;;1,00;0,00;1,00;0,00;0,00;0,66;1,75;0,00;0,66;2,56;2,68;1,92;0,44;0,00;0,64;0,67;1,00;0,68;0,65;
4.5.2015 02:00;000,7;000,0;000,0;000,0;000,0;000,0;14501;1835071;9;102138;412;2915;0;0;0;0;0;0;0;;1,00;0,00;0,75;0,00;0,00;0,00;13620,00;12405,00;13409,00;0,07;0,03;0,09;;1,00;0,00;1,00;0,00;0,00;0,66;1,75;0,00;0,66;2,56;2,69;1,93;0,44;0,00;0,64;0,67;1,00;0,68;0,65;
4.5.2015 02:15;000,7;000,0;000,0;000,0;000,0;000,0;14501;1835071;9;102138;412;2915;0;0;0;0;0;0;0;;0,75;0,00;0,75;0,00;0,00;0,00;13604,00;12377,00;13388,00;0,07;0,03;0,09;;1,00;0,00;1,00;0,66;0,00;0,66;1,75;0,00;1,32;2,56;2,68;1,54;0,44;0,00;0,64;0,67;1,00;0,68;0,65;
4.5.2015 02:30;000,8;000,0;000,0;000,0;000,0;000,0;14501;1835071;9;102138;412;2915;0;0;0;0;0;0;0;;1,00;0,00;0,75;0,00;0,00;0,00;13636,00;12381,00;13386,00;0,07;0,03;0,09;;1,00;0,00;1,00;0,00;0,00;0,66;1,75;0,00;0,66;2,56;2,68;1,93;0,44;0,00;0,64;0,67;1,00;0,68;0,65;
4.5.2015 02:45;000,7;000,0;000,0;000,0;000,0;000,0;14502;1835071;9;102138;412;2915;0;0;0;0;0;0;0;;1,00;0,00;0,75;0,00;0,00;0,00;13652,00;12434,00;13374,00;0,07;0,03;0,09;;1,00;0,00;1,00;0,00;0,00;0,66;1,75;0,00;0,66;2,56;2,69;1,93;0,44;0,00;0,64;0,67;1,00;0,68;0,65;
4.5.2015 03:00;000,7;000,0;000,0;000,0;000,0;000,0;14502;1835071;9;102138;412;2915;0;0;0;0;0;0;0;;1,00;0,00;0,75;0,00;0,00;0,00;13591,00;12414,00;13328,00;0,07;0,03;0,09;;1,00;0,00;1,00;0,00;0,00;0,66;1,75;0,00;0,66;2,56;2,68;1,92;0,44;0,00;0,64;0,67;1,00;0,68;0,65;
4.5.2015 03:15;000,8;000,0;000,0;000,0;000,0;000,0;14502;1835071;9;102138;412;2915;0;0;0;0;0;0;0;;1,00;0,00;0,75;0,00;0,00;0,00;13638,00;12398,00;13347,00;0,07;0,03;0,09;;1,00;0,00;1,00;0,00;0,00;0,66;1,75;0,00;0,66;2,56;2,68;1,92;0,44;0,00;0,64;0,67;1,00;0,68;0,65;
4.5.2015 03:30;000,7;000,0;000,0;000,0;000,0;000,0;14502;1835071;9;102138;412;2915;0;0;0;0;0;0;0;;1,00;0,00;0,75;0,00;0,00;0,00;13640,00;12389,00;13344,00;0,07;0,03;0,08;;1,00;0,00;1,00;0,00;0,00;0,66;1,75;0,00;0,66;2,53;2,64;1,87;0,44;0,00;0,63;0,66;1,00;0,69;0,66;
4.5.2015 03:45;000,7;000,0;000,0;000,0;000,0;000,0;14502;1835071;9;102138;412;2915;0;0;0;0;0;0;0;;1,00;0,00;0,75;0,00;0,00;0,00;13675,00;12389,00;13318,00;0,07;0,03;0,09;;1,00;0,00;1,00;0,00;0,00;0,66;1,75;0,00;0,66;2,56;2,68;1,92;0,44;0,00;0,64;0,67;1,00;0,68;0,65;
4.5.2015 04:00;000,8;000,0;000,0;000,0;000,0;000,0;14503;1835071;9;102138;412;2915;0;0;0;0;0;0;0;;1,00;0,00;0,75;0,00;0,00;0,00;13639,00;12413,00;13279,00;0,07;0,03;0,09;;1,00;0,00;1,00;0,00;0,00;0,66;1,75;0,00;0,66;2,56;2,68;1,92;0,44;0,00;0,64;0,67;1,00;0,68;0,65;
4.5.2015 04:15;000,7;000,0;000,0;000,0;000,0;000,0;14503;1835071;9;102138;412;2915;0;0;0;0;0;0;0;;1,00;0,00;0,75;0,00;0,00;0,00;13648,00;12396,00;13284,00;0,07;0,03;0,09;;1,00;0,00;1,00;0,00;0,00;0,66;1,75;0,00;0,66;2,56;2,68;1,92;0,44;0,00;0,64;0,67;1,00;0,68;0,65;
4.5.2015 04:30;000,7;000,0;000,0;000,0;000,0;000,0;14503;1835071;9;102138;412;2915;0;0;0;0;0;0;0;;1,00;0,00;0,75;0,00;0,00;0,00;13660,00;12389,00;13285,00;0,08;0,03;0,09;;1,00;0,00;1,00;0,00;0,00;0,66;1,75;0,00;0,66;2,62;2,76;2,03;0,44;0,00;0,66;0,69;1,00;0,67;0,63;
4.5.2015 04:45;000,8;000,0;000,0;000,0;000,0;000,0;14503;1835071;9;102138;412;2915;0;0;0;0;0;0;0;;1,00;0,00;0,75;0,00;0,00;0,00;13646,00;12346,00;13309,00;0,08;0,03;0,09;;1,00;0,00;1,00;0,00;0,00;0,66;1,75;0,00;0,66;2,59;2,71;1,97;0,44;0,00;0,65;0,68;1,00;0,68;0,64;
4.5.2015 05:00;000,7;000,0;000,0;000,0;000,0;000,0;14503;1835071;9;102138;412;2915;0;0;0;0;0;0;0;;1,00;0,00;0,75;0,00;0,00;0,00;13638,00;12332,00;13336,00;0,08;0,03;0,09;;1,00;0,00;1,00;0,00;0,00;0,66;1,75;0,00;0,66;2,59;2,72;1,97;0,44;0,00;0,65;0,68;1,00;0,68;0,64;
4.5.2015 05:15;000,8;000,0;000,0;000,0;000,0;000,0;14504;1835071;9;102138;412;2915;0;0;0;0;0;0;0;;1,00;0,00;0,75;0,00;0,00;0,00;13624,00;12427,00;13260,00;0,07;0,03;0,09;;1,00;0,00;1,00;0,00;0,00;0,66;1,75;0,00;0,66;2,55;2,68;1,92;0,44;0,00;0,64;0,67;1,00;0,69;0,65;
4.5.2015 05:30;000,7;000,0;000,0;000,0;000,0;000,0;14504;1835071;9;102138;412;2915;0;0;0;0;0;0;0;;1,00;0,00;0,75;0,00;0,00;0,00;13692,00;12460,00;13378,00;0,07;0,03;0,09;;1,00;0,00;1,00;0,00;0,00;0,66;1,75;0,00;0,66;2,57;2,69;1,94;0,44;0,00;0,64;0,67;1,00;0,68;0,65;
4.5.2015 05:45;000,8;000,0;000,0;000,0;000,0;000,0;14504;1835071;9;102138;412;2915;0;0;0;0;0;0;0;;1,00;0,00;0,75;0,00;0,00;0,00;13662,00;12464,00;13309,00;0,08;0,03;0,09;;1,00;0,00;1,00;0,00;0,00;0,66;1,75;0,00;0,66;2,60;2,72;1,98;0,44;0,00;0,65;0,68;1,00;0,67;0,64;
4.5.2015 06:00;000,7;000,0;000,0;000,0;000,0;000,0;14504;1835071;9;102138;412;2915;0;0;0;0;0;0;0;;1,00;0,00;0,75;0,00;0,00;0,00;13634,00;12375,00;13274,00;0,07;0,03;0,09;;1,00;0,00;1,00;0,00;0,00;0,66;1,75;0,00;0,66;2,55;2,68;1,91;0,44;0,00;0,64;0,67;1,00;0,69;0,65;
4.5.2015 06:15;000,7;000,1;000,0;000,0;000,1;000,1;14504;1835071;9;102138;412;2915;0;0;0;0;0;0;0;;-1,50;-2,00;-1,75;0,00;0,00;0,00;13579,00;12398,00;13246,00;0,15;0,19;0,17;;2,00;2,25;2,25;1,32;1,03;1,41;-5,75;0,00;3,77;6,61;6,67;NaN;-1,44;0,00;1,65;1,67;1,00;-0,87;-0,86;
4.5.2015 06:30;000,0;002,7;000,0;000,0;000,0;000,0;14504;1835071;9;102138;412;2915;0;0;0;0;0;0;0;;-2,50;-2,75;-2,75;0,00;0,00;0,00;13549,00;12365,00;13207,00;0,22;0,25;0,24;;2,75;3,00;3,00;1,15;1,20;1,20;-8,25;0,00;3,54;9,21;9,25;2,22;-2,06;0,00;2,30;2,31;1,00;-0,90;-0,89;
4.5.2015 06:45;000,0;006,4;000,0;000,0;000,0;000,0;14504;1835073;9;102138;412;2915;0;0;0;0;0;0;0;;-8,50;-8,25;-8,50;0,00;0,00;0,00;13506,00;12315,00;13168,00;0,64;0,68;0,66;;8,50;8,25;8,75;0,00;0,00;2,08;-25,50;0,00;2,08;25,71;25,76;3,01;-6,38;0,00;6,43;6,44;1,00;-0,99;-0,99;
4.5.2015 07:00;000,0;006,7;000,0;000,0;000,0;000,0;14504;1835075;9;102138;412;2915;0;0;0;0;0;0;0;;-6,50;-6,50;-6,75;0,00;0,00;0,00;13484,00;12310,00;13174,00;0,50;0,54;0,53;;6,75;6,50;6,75;1,82;0,00;0,00;-20,00;0,00;1,82;20,50;20,55;4,35;-5,00;0,00;5,13;5,14;1,00;-0,98;-0,97;
4.5.2015 07:15;000,0;013,5;000,0;000,0;000,0;000,0;14504;1835078;9;102138;412;2915;0;0;0;0;0;0;0;;-16,00;-15,25;-16,00;0,00;0,00;0,75;13421,00;12278,00;13142,00;1,20;1,25;1,23;;16,00;15,25;16,00;0,00;0,00;nan;-47,50;0,75;nan;47,72;47,78;NaN;-11,88;0,19;11,93;11,95;1,00;-1,00;-0,99;
4.5.2015 07:30;000,0;016,8;000,0;000,2;000,0;000,0;14504;1835082;9;102138;412;2915;0;0;0;0;0;0;0;;-11,25;-10,75;-11,50;0,00;0,00;0,00;13469,00;12263,00;13226,00;0,85;0,90;0,88;;11,50;10,75;11,50;2,38;0,00;0,00;-33,75;0,00;2,38;34,06;34,12;4,43;-8,44;0,00;8,52;8,53;1,00;-0,99;-0,99;
4.5.2015 07:45;000,0;018,4;000,0;000,2;000,0;000,0;14504;1835087;9;102138;412;2915;0;0;0;0;0;0;0;;-10,00;-9,50;-10,00;0,00;0,00;0,00;13456,00;12255,00;13198,00;0,75;0,79;0,78;;10,00;9,50;10,25;0,00;0,00;2,25;-29,75;0,00;2,25;30,00;30,05;3,63;-7,44;0,00;7,50;7,51;1,00;-0,99;-0,99;
4.5.2015 08:00;000,0;016,0;000,0;000,1;000,0;000,0;14504;1835091;9;102138;412;2915;0;0;0;0;0;0;0;;-14,50;-13,50;-14,50;0,00;0,00;0,75;13446,00;12227,00;13202,00;1,09;1,12;1,12;;14,50;13,75;14,75;0,00;2,61;2,60;-42,75;0,75;5,21;43,13;43,19;3,19;-10,69;0,19;10,78;10,80;1,00;-0,99;-0,99;
4.5.2015 08:15;000,0;024,4;000,0;000,7;000,0;000,0;14504;1835097;9;102139;412;2915;0;0;0;0;0;0;0;;-39,25;-36,00;-38,75;0,00;1,25;3,25;13422,00;12240,00;13202,00;2,93;2,96;2,95;;39,25;36,00;39,00;0,00;nan;2,98;-114,25;4,50;nan;114,47;114,58;NaN;-28,56;1,12;28,62;28,64;1,00;-1,00;-1,00;
4.5.2015 08:30;000,0;029,2;000,0;000,8;000,0;000,0;14504;1835104;9;102139;412;2915;0;0;0;0;0;0;0;;-25,25;-23,25;-25,25;0,00;0,50;1,75;13420,00;12191,00;13187,00;1,89;1,93;1,92;;25,25;23,50;25,25;0,00;3,38;nan;-74,00;2,50;nan;74,28;74,36;NaN;-18,50;0,62;18,57;18,59;1,00;-1,00;-1,00;
4.5.2015 08:45;000,0;030,8;000,0;001,1;000,0;000,0;14504;1835112;9;102139;412;2915;0;0;0;0;0;0;0;;-28,25;-26,00;-28,00;0,00;0,75;2,00;13608,00;12382,00;13383,00;2,09;2,12;2,12;;28,25;26,00;28,25;0,00;nan;3,17;-82,75;3,00;nan;82,93;83,02;NaN;-20,69;0,75;20,73;20,75;1,00;-1,00;-1,00;
4.5.2015 09:00;000,0;033,5;000,0;001,2;000,0;000,0;14504;1835120;9;102139;412;2915;0;0;0;0;0;0;0;;-31,25;-28,75;-31,00;0,00;1,00;2,25;13591,00;12376,00;13348,00;2,30;2,34;2,33;;31,25;28,75;31,00;0,00;nan;nan;-91,00;3,50;nan;91,36;91,45;NaN;-22,75;0,88;22,84;22,86;1,00;-1,00;-1,00;
4.5.2015 09:15;000,0;038,3;000,0;001,5;000,0;000,0;14504;1835130;9;102140;412;2915;0;0;0;0;0;0;0;;-40,75;-37,50;-40,25;0,00;1,25;3,25;13531,00;12361,00;13294,00;3,02;3,05;3,05;;40,75;37,75;40,50;0,00;4,15;3,10;-118,75;4,75;7,26;119,14;119,25;6,59;-29,69;1,19;29,79;29,81;1,00;-1,00;-1,00;
4.5.2015 09:30;000,0;040,6;000,0;001,5;000,0;000,0;14504;1835140;9;102140;412;2915;0;0;0;0;0;0;0;;-42,25;-39,25;-42,25;0,00;1,75;3,25;13532,00;12334,00;13334,00;3,13;3,20;3,18;;42,25;39,25;42,25;0,00;nan;nan;-123,75;5,00;nan;124,19;124,34;NaN;-30,94;1,25;31,05;31,08;1,00;-1,00;-1,00;
4.5.2015 09:45;000,0;042,9;000,0;001,8;000,0;000,0;14504;1835151;9;102141;412;2915;0;0;0;0;0;0;0;;-34,00;-31,25;-33,75;0,00;1,00;2,50;13530,00;12349,00;13354,00;2,52;2,55;2,55;;34,00;31,50;34,00;0,00;3,83;3,27;-99,25;3,50;7,10;99,57;99,67;4,50;-24,81;0,88;24,89;24,92;1,00;-1,00;-1,00;
4.5.2015 10:00;000,0;059,8;000,0;002,7;000,0;000,0;14504;1835166;9;102141;412;2915;0;0;0;0;0;0;0;;-54,75;-50,75;-54,50;0,00;2,50;4,75;13574,00;12368,00;13381,00;4,05;4,12;4,10;;54,75;50,75;54,75;0,00;nan;2,18;-160,25;7,25;nan;160,79;160,97;NaN;-40,06;1,81;40,20;40,24;1,00;-1,00;-1,00;
4.5.2015 10:15;000,0;076,5;000,0;003,8;000,0;000,0;14504;1835185;9;102142;412;2915;0;0;0;0;0;0;0;;-82,25;-75,50;-81,25;0,75;4,00;8,25;13571,00;12373,00;13403,00;6,07;6,11;6,10;;82,25;75,50;81,75;nan;nan;3,67;-239,00;13,25;nan;239,83;240,05;NaN;-59,75;3,31;59,96;60,01;1,00;-1,00;-1,00;
4.5.2015 10:30;000,0;084,9;000,0;004,4;000,0;000,0;14504;1835206;9;102143;412;2915;0;0;0;0;0;0;0;;-81,75;-75,00;-80,75;0,75;4,00;8,25;13567,00;12401,00;13410,00;6,03;6,07;6,06;;81,75;75,25;81,25;nan;4,64;3,60;-237,75;13,25;nan;238,42;238,62;NaN;-59,44;3,31;59,60;59,65;1,00;-1,00;-1,00;
4.5.2015 10:45;000,0;087,0;000,0;004,7;000,0;000,0;14504;1835228;9;102145;412;2915;0;0;0;0;0;0;0;;-71,25;-65,50;-70,50;0,00;3,25;7,00;13527,00;12359,00;13368,00;5,28;5,32;5,31;;71,25;65,50;71,00;0,00;nan;4,66;-207,50;10,25;nan;208,19;208,37;NaN;-51,88;2,56;52,05;52,09;1,00;-1,00;-1,00;
4.5.2015 11:00;000,0;102,3;000,0;006,0;000,0;000,0;14504;1835254;9;102146;412;2915;0;0;0;0;0;0;0;;-113,75;-104,50;-112,25;2,50;6,75;12,75;13520,00;12387,00;13376,00;8,43;8,47;8,46;;114,00;104,75;113,00;7,12;2,60;2,52;-331,00;22,00;12,24;332,09;332,35;16,20;-82,75;5,50;83,02;83,09;1,00;-1,00;-1,00;
4.5.2015 11:15;000,0;138,2;000,0;007,9;000,0;000,0;14504;1835288;9;102148;412;2915;0;0;0;0;0;0;0;;-115,75;-106,75;-114,75;0,00;5,00;10,50;13523,00;12388,00;13373,00;8,57;8,64;8,63;;115,75;106,75;115,25;0,00;nan;2,18;-337,50;15,75;nan;338,27;338,55;NaN;-84,38;3,94;84,57;84,64;1,00;-1,00;-1,00;
4.5.2015 11:30;000,0;143,1;000,0;007,1;000,0;000,0;14504;1835324;9;102150;412;2915;0;0;0;0;0;0;0;;-112,00;-103,00;-111,00;0,00;4,75;10,50;13546,00;12409,00;13417,00;8,28;8,33;8,32;;112,00;103,25;111,50;0,00;5,39;1,00;-326,25;15,25;6,39;327,15;327,43;22,29;-81,56;3,81;81,79;81,86;1,00;-1,00;-1,00;
4.5.2015 11:45;000,0;106,0;000,0;004,7;000,0;000,0;14504;1835351;9;102151;412;2915;0;0;0;0;0;0;0;;-92,25;-85,25;-91,75;0,00;3,75;7,75;13494,00;12380,00;13373,00;6,86;6,91;6,90;;92,50;85,50;92,25;6,80;5,35;5,65;-269,75;11,50;17,80;270,29;270,51;NaN;-67,44;2,88;67,57;67,63;1,00;-1,00;-1,00;
4.5.2015 12:00;000,0;098,5;000,0;004,3;000,0;000,0;14504;1835375;9;102152;412;2915;0;0;0;0;0;0;0;;-65,75;-61,25;-66,00;0,00;2,50;5,25;13503,00;12365,00;13361,00;4,89;4,97;4,96;;66,00;61,25;66,25;5,74;nan;2,35;-193,25;8,00;nan;193,76;193,94;NaN;-48,31;2,00;48,44;48,49;1,00;-1,00;-1,00;
4.5.2015 12:15;000,0;092,7;000,0;005,0;000,0;000,1;14504;1835398;9;102153;412;2915;0;0;0;0;0;0;0;;-130,25;-120,00;-128,75;3,25;8,50;14,75;13486,00;12344,00;13342,00;9,67;9,75;9,74;;130,25;120,25;129,75;nan;nan;6,40;-379,25;26,75;nan;380,68;381,01;NaN;-94,81;6,69;95,17;95,25;1,00;-1,00;-1,00;
4.5.2015 12:30;000,0;161,7;000,0;009,1;000,0;000,0;14504;1835439;9;102156;412;2915;0;0;0;0;0;0;0;;-114,50;-105,50;-113,75;0,00;5,25;10,50;13501,00;12372,00;13362,00;8,49;8,56;8,57;;114,50;105,75;114,25;0,00;5,02;1,94;-334,25;15,75;6,96;335,04;335,32;20,44;-83,56;3,94;83,76;83,83;1,00;-1,00;-1,00;
4.5.2015 12:45;000,0;123,0;000,0;005,7;000,0;000,0;14504;1835469;9;102157;412;2915;0;0;0;0;0;0;0;;-88,75;-82,25;-88,50;0,00;3,75;7,50;13498,00;12357,00;13349,00;6,59;6,68;6,67;;88,75;82,50;89,00;0,00;5,21;5,70;-260,00;11,50;10,91;260,60;260,84;13,68;-65,00;2,88;65,15;65,21;1,00;-1,00;-1,00;
4.5.2015 13:00;000,0;084,6;000,0;003,9;000,0;000,0;14504;1835491;9;102158;412;2915;0;0;0;0;0;0;0;;-77,25;-71,00;-76,50;0,75;3,75;7,75;13474,00;12349,00;13334,00;5,75;5,77;5,77;;77,25;71,25;76,75;nan;4,64;nan;-225,00;12,25;nan;225,66;225,84;NaN;-56,25;3,06;56,42;56,46;1,00;-1,00;-1,00;
4.5.2015 13:15;000,0;068,2;000,0;003,3;000,0;000,0;14504;1835507;9;102159;412;2915;0;0;0;0;0;0;0;;-50,75;-46,75;-50,25;0,00;2,00;4,50;13451,00;12344,00;13308,00;3,78;3,80;3,80;;50,75;46,75;50,50;0,00;nan;2,22;-148,00;6,50;nan;148,32;148,44;NaN;-37,00;1,62;37,08;37,11;1,00;-1,00;-1,00;
4.5.2015 13:30;000,0;053,9;000,0;002,4;000,0;000,0;14504;1835521;9;102159;412;2915;0;0;0;0;0;0;0;;-38,25;-35,50;-38,00;0,00;1,25;3,00;13500,00;12399,00;13364,00;2,84;2,87;2,87;;38,25;35,50;38,25;0,00;nan;3,17;-112,00;4,50;nan;112,18;112,27;NaN;-28,00;1,12;28,04;28,07;1,00;-1,00;-1,00;
4.5.2015 13:45;000,0;054,0;000,0;002,3;000,0;000,0;14504;1835534;9;102160;412;2915;0;0;0;0;0;0;0;;-47,00;-43,75;-47,00;0,00;2,00;3,75;13393,00;12282,00;13246,00;3,52;3,59;3,57;;47,00;44,00;47,25;0,00;4,24;3,08;-138,00;6,00;7,32;138,39;138,53;7,61;-34,50;1,50;34,60;34,63;1,00;-1,00;-1,00;
4.5.2015 14:00;000,0;059,9;000,0;002,8;000,0;000,0;14504;1835549;9;102161;412;2915;0;0;0;0;0;0;0;;-48,00;-44,25;-47,50;0,00;1,75;4,25;13404,00;12274,00;13253,00;3,59;3,61;3,60;;48,00;44,25;47,75;0,00;nan;2,40;-139,75;6,00;nan;140,17;140,29;NaN;-34,94;1,50;35,04;35,07;1,00;-1,00;-1,00;
4.5.2015 14:15;000,0;061,2;000,0;002,8;000,0;000,0;14504;1835565;9;102161;412;2915;0;0;0;0;0;0;0;;-39,00;-36,00;-38,75;0,00;1,50;3,25;13351,00;12235,00;13231,00;2,93;2,96;2,96;;39,00;36,25;39,00;0,00;3,98;2,98;-114,25;4,75;6,96;114,53;114,63;3,97;-28,56;1,19;28,63;28,66;1,00;-1,00;-1,00;
4.5.2015 14:30;000,0;040,8;000,0;001,6;000,0;000,0;14504;1835575;9;102162;412;2915;0;0;0;0;0;0;0;;-29,00;-27,00;-29,00;0,00;1,00;2,25;13379,00;12255,00;13246,00;2,18;2,21;2,21;;29,00;27,00;29,00;0,00;nan;nan;-85,25;3,25;nan;85,43;85,50;NaN;-21,31;0,81;21,36;21,38;1,00;-1,00;-1,00;
4.5.2015 14:45;000,0;035,8;000,0;001,4;000,0;000,0;14504;1835584;9;102162;412;2915;0;0;0;0;0;0;0;;-42,00;-39,25;-42,00;0,00;1,75;3,25;13417,00;12282,00;13271,00;3,14;3,20;3,18;;42,00;39,25;42,00;0,00;nan;nan;-123,25;5,25;nan;123,60;123,73;NaN;-30,81;1,31;30,90;30,93;1,00;-1,00;-1,00;
4.5.2015 15:00;000,0;038,5;000,0;001,5;000,0;000,0;14504;1835593;9;102162;412;2915;0;0;0;0;0;0;0;;-43,75;-40,50;-43,75;0,00;1,75;3,75;13395,00;12270,00;13256,00;3,28;3,31;3,31;;44,00;40,50;43,75;4,68;nan;nan;-128,25;5,75;nan;128,49;128,60;NaN;-32,06;1,44;32,12;32,15;1,00;-1,00;-1,00;
4.5.2015 15:15;000,0;043,9;000,0;001,8;000,0;000,0;14504;1835604;9;102163;412;2915;0;0;0;0;0;0;0;;-37,50;-34,75;-37,50;0,00;1,50;3,00;13385,00;12284,00;13262,00;2,82;2,84;2,84;;37,50;34,75;37,50;0,00;nan;nan;-110,00;4,50;nan;110,29;110,38;NaN;-27,50;1,12;27,57;27,60;1,00;-1,00;-1,00;
4.5.2015 15:30;000,0;062,3;000,0;002,9;000,0;000,0;14504;1835620;9;102164;412;2915;0;0;0;0;0;0;0;;-66,00;-61,25;-65,75;0,00;3,25;6,00;13403,00;12296,00;13285,00;4,93;4,99;4,97;;66,00;61,25;66,00;0,00;nan;nan;-193,00;9,50;nan;193,52;193,70;NaN;-48,25;2,38;48,38;48,42;1,00;-1,00;-1,00;
4.5.2015 15:45;000,0;050,6;000,0;002,2;000,0;000,0;14504;1835633;9;102164;412;2915;0;0;0;0;0;0;0;;-31,00;-28,75;-31,00;0,00;1,00;2,25;13395,00;12281,00;13264,00;2,32;2,35;2,35;;31,00;28,75;31,00;0,00;nan;nan;-90,75;3,25;nan;91,01;91,09;NaN;-22,69;0,81;22,75;22,77;1,00;-1,00;-1,00;
4.5.2015 16:00;000,0;031,2;000,0;001,1;000,0;000,0;14504;1835640;9;102164;412;2915;0;0;0;0;0;0;0;;-27,50;-25,50;-27,50;0,00;0,75;2,00;13406,00;12288,00;13279,00;2,07;2,09;2,09;;27,50;25,50;27,50;0,00;nan;nan;-80,75;2,75;nan;81,05;81,12;NaN;-20,19;0,69;20,26;20,28;1,00;-1,00;-1,00;
4.5.2015 16:15;000,0;039,0;000,0;001,6;000,0;000,0;14504;1835650;9;102165;412;2915;0;0;0;0;0;0;0;;-31,00;-28,75;-31,00;0,00;1,00;2,25;13393,00;12282,00;13277,00;2,33;2,36;2,36;;31,00;28,75;31,25;0,00;nan;3,24;-91,00;3,50;nan;91,33;91,41;NaN;-22,75;0,88;22,83;22,85;1,00;-1,00;-1,00;
