Cas;P+;P-;Q1;Q2;Q3;Q4;A+;A-;AQ1;AQ2;AQ3;AQ4;S;AP1;AP2;AP3;D1;D2;D3;;P1;P2;P3;Q1;Q2;Q3;U1;U2;U3;I1;I2;I3;;S1;S2;S3;D1;D2;D3;P;Q;D;Sa;Sr;N;AP++;AQ++;Asa++;Asr++;cosFi;P/Sa;P/Sr
 ;"1.5";"2.5";"5.5";"6.5";"7.5";"8.5";"1.8";"2.8";"5.8";"6.8";"7.8";"8.8";"9.8";"21.8";"41.8";"61.8";"181.5";"182.5";"183.5"
 ;[kW];[kW];[kvar];[kvar];[kvar];[kvar];[kWh];[kWh];[kvarh];[kvarh];[kvarh];[kvarh];[kVAh];[kWh];[kWh];[kWh];[kvar];[kvar];[kvar]; ;[kW];[kW];[kW];[kvar];[kvar];[kvar];[V];[V];[V];[A];[A];[A]; ;[kVA];[kVA];[kVA];[kvar];[kvar];kvar];[kW];[kvar];[kvar];[kVAh];[kVAh];[kvar];[kWh];[kvarh];[kVAh];[kVAh]
1.9.2015 00:00;000,7;000,0;000,0;000,0;000,0;000,0;15350;2052570;10;115412;424;2955;0;0;0;0;0;0;0;;1,00;0,00;0,50;0,00;0,00;0,00;14738,00;13394,00;11824,00;0,08;0,03;0,08;;1,00;0,00;1,00;0,00;0,00;0,87;1,75;0,00;0,87;2,55;2,73;1,90;0,44;0,00;0,64;0,68;1,00;0,69;0,64;
1.9.2015 00:15;000,7;000,0;000,0;000,0;000,0;000,0;15350;2052570;10;115412;424;2955;0;0;0;0;0;0;0;;1,00;0,00;0,50;0,00;0,00;0,00;14569,00;13056,00;11674,00;0,08;0,03;0,09;;1,00;0,00;0,75;0,00;0,00;0,56;1,75;0,00;0,56;2,51;2,71;1,99;0,44;0,00;0,63;0,68;1,00;0,70;0,65;
1.9.2015 00:30;000,8;000,0;000,0;000,0;000,0;000,0;15350;2052570;10;115412;424;2955;0;0;0;0;0;0;0;;1,00;0,00;0,50;0,00;0,00;0,00;14384,00;13010,00;11527,00;0,08;0,03;0,09;;1,00;0,00;0,75;0,00;0,00;0,56;1,75;0,00;0,56;2,48;2,68;1,95;0,44;0,00;0,62;0,67;1,00;0,70;0,65;
1.9.2015 00:45;000,7;000,0;000,0;000,0;000,0;000,0;15350;2052570;10;115412;424;2955;0;0;0;0;0;0;0;;1,00;0,00;0,50;0,00;0,00;0,00;14707,00;13274,00;11781,00;0,08;0,03;0,09;;1,00;0,00;1,00;0,00;0,00;0,87;1,75;0,00;0,87;2,57;2,76;1,94;0,44;0,00;0,64;0,69;1,00;0,68;0,64;
1.9.2015 01:00;000,7;000,0;000,0;000,0;000,0;000,0;15350;2052570;10;115412;424;2955;0;0;0;0;0;0;0;;1,00;0,00;0,50;0,00;0,00;0,00;14760,00;13271,00;11828,00;0,08;0,03;0,09;;1,00;0,00;1,00;0,00;0,00;0,87;1,75;0,00;0,87;2,55;2,75;1,93;0,44;0,00;0,64;0,69;1,00;0,69;0,64;
1.9.2015 01:15;000,8;000,0;000,0;000,0;000,0;000,0;15351;2052570;10;115412;424;2955;0;0;0;0;0;0;0;;1,00;0,00;0,50;0,00;0,00;0,00;14800,00;13229,00;11863,00;0,08;0,03;0,08;;1,00;0,00;0,75;0,00;0,00;0,56;1,75;0,00;0,56;2,56;2,72;2,01;0,44;0,00;0,64;0,68;1,00;0,68;0,64;
1.9.2015 01:30;000,7;000,0;000,0;000,0;000,0;000,0;15351;2052570;10;115412;424;2955;0;0;0;0;0;0;0;;1,00;0,00;0,50;0,00;0,00;0,00;14793,00;13277,00;11860,00;0,08;0,03;0,09;;1,00;0,00;1,00;0,00;0,00;0,87;1,75;0,00;0,87;2,59;2,77;1,96;0,44;0,00;0,65;0,69;1,00;0,68;0,63;
1.9.2015 01:45;000,8;000,0;000,0;000,0;000,0;000,0;15351;2052570;10;115412;424;2955;0;0;0;0;0;0;0;;1,00;0,00;0,50;0,00;0,00;0,00;14557,00;13001,00;11673,00;0,08;0,03;0,09;;1,00;0,00;0,75;0,00;0,00;0,56;1,75;0,00;0,56;2,51;2,70;1,98;0,44;0,00;0,63;0,68;1,00;0,70;0,65;
1.9.2015 02:00;000,7;000,0;000,0;000,0;000,0;000,0;15351;2052570;10;115412;424;2955;0;0;0;0;0;0;0;;1,00;0,00;0,50;0,00;0,00;0,00;14560,00;13022,00;11689,00;0,08;0,03;0,09;;1,00;0,00;1,00;0,00;0,00;0,87;1,75;0,00;0,87;2,55;2,72;1,90;0,44;0,00;0,64;0,68;1,00;0,69;0,64;
1.9.2015 02:15;000,7;000,0;000,0;000,0;000,0;000,0;15351;2052570;10;115412;424;2955;0;0;0;0;0;0;0;;1,00;0,00;0,50;0,00;0,00;0,00;14505,00;13029,00;11650,00;0,08;0,03;0,09;;1,00;0,00;0,75;0,00;0,00;0,56;1,75;0,00;0,56;2,51;2,70;1,98;0,44;0,00;0,63;0,67;1,00;0,70;0,65;
1.9.2015 02:30;000,7;000,0;000,0;000,0;000,0;000,0;15352;2052570;10;115412;424;2955;0;0;0;0;0;0;0;;1,00;0,00;0,50;0,00;0,00;0,00;14551,00;13049,00;11691,00;0,08;0,03;0,09;;1,00;0,00;0,75;0,00;0,00;0,56;1,75;0,00;0,56;2,51;2,71;1,99;0,44;0,00;0,63;0,68;1,00;0,70;0,65;
1.9.2015 02:45;000,8;000,0;000,0;000,0;000,0;000,0;15352;2052570;10;115412;424;2955;0;0;0;0;0;0;0;;1,00;0,00;0,50;0,00;0,00;0,00;14491,00;13015,00;11669,00;0,08;0,03;0,09;;1,00;0,00;0,75;0,00;0,00;0,56;1,75;0,00;0,56;2,54;2,71;2,00;0,44;0,00;0,63;0,68;1,00;0,69;0,64;
1.9.2015 03:00;000,7;000,0;000,0;000,0;000,0;000,0;15352;2052570;10;115412;424;2955;0;0;0;0;0;0;0;;1,00;0,00;0,50;0,00;0,00;0,00;14495,00;12975,00;11671,00;0,08;0,03;0,09;;1,00;0,00;1,00;0,00;0,00;0,87;1,75;0,00;0,87;2,54;2,71;1,88;0,44;0,00;0,63;0,68;1,00;0,69;0,65;
1.9.2015 03:15;000,7;000,0;000,0;000,0;000,0;000,0;15352;2052570;10;115412;424;2955;0;0;0;0;0;0;0;;1,00;0,00;0,50;0,00;0,00;0,00;14490,00;13012,00;11668,00;0,08;0,03;0,09;;1,00;0,00;0,75;0,00;0,00;0,56;1,75;0,00;0,56;2,54;2,71;2,00;0,44;0,00;0,63;0,68;1,00;0,69;0,64;
1.9.2015 03:30;000,7;000,0;000,0;000,0;000,0;000,0;15352;2052570;10;115412;424;2955;0;0;0;0;0;0;0;;1,00;0,00;0,50;0,00;0,00;0,00;14548,00;13099,00;11728,00;0,08;0,03;0,09;;1,00;0,00;1,00;0,00;0,00;0,87;1,75;0,00;0,87;2,55;2,73;1,90;0,44;0,00;0,64;0,68;1,00;0,69;0,64;
1.9.2015 03:45;000,8;000,0;000,0;000,0;000,0;000,0;15352;2052570;10;115412;424;2955;0;0;0;0;0;0;0;;1,00;0,00;0,50;0,00;0,00;0,00;14503,00;13049,00;11708,00;0,08;0,03;0,09;;1,00;0,00;1,00;0,00;0,00;0,87;1,75;0,00;0,87;2,54;2,72;1,89;0,44;0,00;0,64;0,68;1,00;0,69;0,64;
1.9.2015 04:00;000,7;000,0;000,0;000,0;000,0;000,0;15353;2052570;10;115412;424;2955;0;0;0;0;0;0;0;;1,00;0,00;0,50;0,00;0,00;0,00;14548,00;13054,00;11735,00;0,08;0,03;0,09;;1,00;0,00;1,00;0,00;0,00;0,87;1,75;0,00;0,87;2,55;2,73;1,90;0,44;0,00;0,64;0,68;1,00;0,69;0,64;
1.9.2015 04:15;000,7;000,0;000,0;000,0;000,0;000,0;15353;2052570;10;115412;424;2955;0;0;0;0;0;0;0;;1,00;0,00;0,50;0,00;0,00;0,00;14486,00;13027,00;11696,00;0,08;0,03;0,08;;1,00;0,00;0,75;0,00;0,00;0,56;1,75;0,00;0,56;2,51;2,68;1,95;0,44;0,00;0,63;0,67;1,00;0,70;0,65;
1.9.2015 04:30;000,8;000,0;000,0;000,0;000,0;000,0;15353;2052570;10;115412;424;2955;0;0;0;0;0;0;0;;1,00;0,00;0,50;0,00;0,00;0,00;14518,00;13038,00;11721,00;0,08;0,03;0,09;;1,00;0,00;1,00;0,00;0,00;0,87;1,75;0,00;0,87;2,51;2,71;1,87;0,44;0,00;0,63;0,68;1,00;0,70;0,65;
1.9.2015 04:45;000,7;000,0;000,0;000,0;000,0;000,0;15353;2052570;10;115412;424;2955;0;0;0;0;0;0;0;;1,00;0,00;0,50;0,00;0,00;0,00;14487,00;13078,00;11727,00;0,08;0,03;0,09;;1,00;0,00;1,00;0,00;0,00;0,87;1,75;0,00;0,87;2,54;2,72;1,90;0,44;0,00;0,64;0,68;1,00;0,69;0,64;
1.9.2015 05:00;000,7;000,0;000,0;000,0;000,0;000,0;15353;2052570;10;115412;424;2955;0;0;0;0;0;0;0;;1,00;0,00;0,50;0,00;0,00;0,00;14497,00;13009,00;11721,00;0,08;0,03;0,09;;1,00;0,00;1,00;0,00;0,00;0,87;1,75;0,00;0,87;2,54;2,72;1,89;0,44;0,00;0,64;0,68;1,00;0,69;0,64;
1.9.2015 05:15;000,7;000,0;000,0;000,0;000,0;000,0;15354;2052570;10;115412;424;2955;0;0;0;0;0;0;0;;1,00;0,00;0,50;0,00;0,00;0,00;14455,00;12954,00;11684,00;0,08;0,03;0,09;;1,00;0,00;1,00;0,00;0,00;0,87;1,75;0,00;0,87;2,53;2,71;1,88;0,44;0,00;0,63;0,68;1,00;0,69;0,65;
1.9.2015 05:30;000,8;000,0;000,0;000,0;000,0;000,0;15354;2052570;10;115412;424;2955;0;0;0;0;0;0;0;;1,00;0,00;0,50;0,00;0,00;0,00;14502,00;13064,00;11738,00;0,08;0,03;0,08;;1,00;0,00;0,75;0,00;0,00;0,56;1,75;0,00;0,56;2,52;2,68;1,95;0,44;0,00;0,63;0,67;1,00;0,70;0,65;
1.9.2015 05:45;000,7;000,0;000,0;000,0;000,0;000,0;15354;2052570;10;115412;424;2955;0;0;0;0;0;0;0;;1,00;0,00;0,50;0,00;0,00;0,00;14531,00;13108,00;11761,00;0,08;0,03;0,08;;1,00;0,00;0,75;0,00;0,00;0,56;1,75;0,00;0,56;2,52;2,69;1,96;0,44;0,00;0,63;0,67;1,00;0,69;0,65;
1.9.2015 06:00;000,7;000,0;000,0;000,0;000,0;000,0;15354;2052570;10;115412;424;2955;0;0;0;0;0;0;0;;1,00;0,00;0,50;0,00;0,00;0,00;14482,00;13138,00;11743,00;0,07;0,03;0,08;;1,00;0,00;0,75;0,00;0,00;0,56;1,75;0,00;0,56;2,48;2,65;1,91;0,44;0,00;0,62;0,66;1,00;0,71;0,66;
1.9.2015 06:15;000,8;000,0;000,0;000,0;000,0;000,0;15354;2052570;10;115412;424;2955;0;0;0;0;0;0;0;;1,00;0,00;0,50;0,00;0,00;0,00;14401,00;12962,00;11651,00;0,08;0,03;0,09;;1,00;0,00;0,75;0,00;0,00;0,56;1,75;0,00;0,56;2,53;2,70;1,98;0,44;0,00;0,63;0,68;1,00;0,69;0,65;
1.9.2015 06:30;000,3;002,4;000,0;000,0;000,1;000,2;15354;2052571;10;115412;424;2955;0;0;0;0;0;0;0;;-4,75;-4,75;-4,25;0,00;0,00;0,00;14624,00;13133,00;11829,00;0,34;0,39;0,37;;5,00;5,00;4,25;1,56;1,56;0,00;-14,00;0,00;3,12;14,44;14,55;2,47;-3,50;0,00;3,61;3,64;1,00;-0,97;-0,96;
1.9.2015 06:45;000,0;007,5;000,0;000,0;000,0;000,0;15354;2052572;10;115412;424;2955;0;0;0;0;0;0;0;;-8,50;-8,25;-7,25;0,00;-0,75;0,00;14668,00;13138,00;11829,00;0,60;0,64;0,62;;8,75;8,25;7,25;2,08;nan;0,00;-24,25;-0,75;nan;24,64;24,78;NaN;-6,06;-0,19;6,16;6,19;1,00;-0,98;-0,98;
1.9.2015 07:00;000,0;016,1;000,0;000,3;000,0;000,0;15354;2052577;10;115412;424;2955;0;0;0;0;0;0;0;;-20,50;-19,00;-16,75;1,50;-1,75;1,25;14608,00;13189,00;11759,00;1,41;1,46;1,43;;20,50;19,25;16,75;nan;2,55;nan;-56,25;1,25;nan;56,70;56,96;NaN;-14,06;0,31;14,17;14,24;1,00;-0,99;-0,99;
1.9.2015 07:15;000,0;029,4;000,0;000,8;000,0;000,0;15354;2052584;10;115412;424;2955;0;0;0;0;0;0;0;;-33,50;-30,75;-27,25;2,75;-2,75;2,75;14721,00;13136,00;11814,00;2,30;2,36;2,33;;33,75;31,00;27,50;3,04;2,81;2,47;-91,75;2,75;8,32;92,36;92,78;10,62;-22,94;0,69;23,09;23,19;1,00;-0,99;-0,99;
1.9.2015 07:30;000,0;045,0;000,0;001,6;000,0;000,0;15354;2052595;10;115413;424;2955;0;0;0;0;0;0;0;;-48,75;-44,50;-39,50;4,25;-3,75;4,25;14665,00;13115,00;11750,00;3,35;3,42;3,38;;49,00;44,75;39,75;2,52;2,87;1,32;-133,00;5,00;6,72;133,82;134,43;17,64;-33,25;1,25;33,46;33,61;1,00;-0,99;-0,99;
1.9.2015 07:45;000,0;061,8;000,0;002,6;000,0;000,0;15354;2052611;10;115413;424;2955;0;0;0;0;0;0;0;;-64,75;-59,50;-52,00;6,50;-4,50;5,75;14666,00;13224,00;11739,00;4,45;4,51;4,48;;65,00;59,50;52,50;nan;nan;4,38;-176,50;7,75;nan;177,49;178,27;NaN;-44,12;1,94;44,37;44,57;1,00;-0,99;-0,99;
1.9.2015 08:00;000,0;081,1;000,0;004,0;000,0;000,0;15354;2052631;10;115414;424;2955;0;0;0;0;0;0;0;;-83,75;-76,75;-67,50;9,00;-5,25;8,00;14725,00;13270,00;11785,00;5,73;5,81;5,77;;84,25;77,00;68,00;1,73;3,30;1,94;-228,25;11,75;6,97;229,64;230,64;30,16;-57,06;2,94;57,41;57,66;1,00;-0,99;-0,99;
1.9.2015 08:15;000,0;100,1;000,0;005,6;000,0;000,0;15354;2052656;10;115416;424;2955;0;0;0;0;0;0;0;;-99,75;-92,00;-80,50;11,25;-5,50;10,00;14735,00;13274,00;11773,00;6,83;6,95;6,91;;100,50;92,25;81,25;4,86;3,98;4,62;-272,75;15,50;13,45;274,34;275,61;33,86;-68,19;3,88;68,59;68,90;1,00;-0,99;-0,99;
1.9.2015 08:30;000,0;119,3;000,0;007,2;000,0;000,0;15354;2052686;10;115418;424;2955;0;0;0;0;0;0;0;;-118,75;-108,25;-95,25;13,75;-6,50;13,00;14765,00;13239,00;11781,00;8,11;8,20;8,16;;119,75;108,50;96,00;7,03;3,46;nan;-322,50;20,25;nan;324,46;325,92;NaN;-80,62;5,06;81,12;81,48;1,00;-0,99;-0,99;
1.9.2015 08:45;000,0;138,1;000,0;009,1;000,0;000,0;15354;2052721;10;115420;424;2955;0;0;0;0;0;0;0;;-135,75;-123,50;-108,50;16,25;-7,00;15,50;14780,00;13228,00;11783,00;9,27;9,36;9,32;;136,75;123,75;109,75;2,90;3,58;5,71;-368,25;24,75;12,19;370,61;372,26;47,02;-92,06;6,19;92,65;93,07;1,00;-0,99;-0,99;
1.9.2015 09:00;000,0;153,4;000,0;008,6;000,0;000,0;15354;2052759;10;115422;424;2955;0;0;0;0;0;0;0;;-154,50;-140,25;-123,75;16,25;-10,25;15,50;14761,00;13277,00;11779,00;10,54;10,61;10,60;;155,50;140,75;124,75;6,78;5,95;2,87;-419,00;21,75;15,60;421,38;423,23;53,38;-104,75;5,44;105,34;105,81;1,00;-0,99;-0,99;
1.9.2015 09:15;000,0;175,7;000,0;009,5;000,0;000,0;15354;2052803;10;115424;424;2955;0;0;0;0;0;0;0;;-169,50;-153,25;-135,75;18,00;-10,75;18,00;14774,00;13171,00;11778,00;11,55;11,68;11,63;;170,50;153,75;137,00;4,00;6,16;4,12;-458,75;25,25;14,27;461,48;463,59;60,17;-114,69;6,31;115,37;115,90;1,00;-0,99;-0,99;
1.9.2015 09:30;000,0;190,9;000,0;010,8;000,0;000,0;15354;2052851;10;115427;424;2955;0;0;0;0;0;0;0;;-183,00;-164,75;-146,00;19,75;-11,50;20,00;14739,00;13119,00;11738,00;12,51;12,60;12,58;;184,25;165,25;147,50;8,31;5,72;6,34;-494,25;28,25;20,37;497,31;499,57;63,83;-123,56;7,06;124,33;124,89;1,00;-0,99;-0,99;
1.9.2015 09:45;000,0;203,9;000,0;011,9;000,0;000,0;15354;2052902;10;115430;424;2955;0;0;0;0;0;0;0;;-194,50;-175,00;-155,50;21,00;-11,75;21,50;14766,00;13106,00;11766,00;13,27;13,39;13,35;;195,75;175,25;157,00;6,84;nan;2,55;-525,25;30,75;nan;528,47;530,88;NaN;-131,31;7,69;132,12;132,72;1,00;-0,99;-0,99;
1.9.2015 10:00;000,0;216,3;000,0;013,0;000,0;000,0;15354;2052956;10;115433;424;2955;0;0;0;0;0;0;0;;-205,50;-184,75;-164,00;23,00;-12,25;23,25;14746,00;13106,00;11755,00;14,03;14,15;14,10;;206,75;185,25;165,75;nan;5,91;6,04;-554,50;34,00;nan;558,06;560,55;NaN;-138,62;8,50;139,52;140,14;1,00;-0,99;-0,99;
1.9.2015 10:15;000,0;230,4;000,0;014,5;000,0;000,0;15354;2053014;10;115437;424;2955;0;0;0;0;0;0;0;;-222,00;-199,00;-177,00;24,75;-12,75;26,00;14936,00;13197,00;11903,00;14,97;15,12;15,06;;223,25;199,50;179,00;nan;6,06;6,00;-598,25;38,00;nan;602,29;605,05;NaN;-149,56;9,50;150,57;151,26;1,00;-0,99;-0,99;
1.9.2015 10:30;000,0;244,9;000,0;016,0;000,0;000,0;15354;2053075;10;115441;424;2955;0;0;0;0;0;0;0;;-231,25;-206,75;-184,25;26,00;-12,75;27,75;14694,00;12954,00;11698,00;15,84;16,01;15,95;;232,75;207,25;186,50;4,47;6,67;8,01;-622,50;41,00;19,15;626,67;629,60;82,69;-155,62;10,25;156,67;157,40;1,00;-0,99;-0,99;
1.9.2015 10:45;000,0;252,3;000,0;016,8;000,0;000,0;15354;2053138;10;115445;424;2955;0;0;0;0;0;0;0;;-239,00;-214,00;-190,75;27,25;-13,00;29,00;14625,00;12889,00;11649,00;16,47;16,64;16,58;;240,75;214,50;193,00;9,85;6,73;4,74;-644,00;43,25;21,31;648,55;651,57;86,51;-161,00;10,81;162,14;162,89;1,00;-0,99;-0,99;
1.9.2015 11:00;000,0;261,3;000,0;017,7;000,0;000,0;15354;2053204;10;115450;424;2955;0;0;0;0;0;0;0;;-245,25;-219,25;-195,75;28,00;-13,25;30,25;14604,00;12852,00;11644,00;16,91;17,11;17,03;;247,00;219,75;198,25;8,80;6,63;8,36;-660,75;45,00;23,79;665,24;668,34;86,61;-165,19;11,25;166,31;167,09;1,00;-0,99;-0,99;
1.9.2015 11:15;000,0;268,5;000,0;018,4;000,0;000,0;15354;2053271;10;115454;424;2955;0;0;0;0;0;0;0;;-253,50;-226,50;-202,00;29,25;-13,75;31,50;14815,00;13050,00;11802,00;17,24;17,40;17,33;;255,25;227,00;204,50;5,89;6,14;4,90;-682,25;46,75;16,93;687,00;690,17;91,61;-170,56;11,69;171,75;172,54;1,00;-0,99;-0,99;
1.9.2015 11:30;000,0;274,7;000,0;018,9;000,0;000,0;15354;2053339;10;115459;424;2955;0;0;0;0;0;0;0;;-256,75;-229,50;-205,00;29,25;-13,75;31,75;14861,00;13071,00;11828,00;17,40;17,60;17,55;;258,50;230,00;207,50;6,79;6,38;4,82;-691,50;47,25;17,99;696,16;699,47;92,35;-172,88;11,81;174,04;174,87;1,00;-0,99;-0,99;
1.9.2015 11:45;000,0;277,3;000,0;019,1;000,0;000,0;15354;2053409;10;115464;424;2955;0;0;0;0;0;0;0;;-258,25;-232,25;-206,25;30,25;-13,75;31,25;14821,00;13083,00;11796,00;17,57;17,78;17,72;;260,25;232,50;209,00;11,04;nan;12,86;-697,00;48,00;nan;701,94;705,28;NaN;-174,25;12,00;175,49;176,32;1,00;-0,99;-0,99;
1.9.2015 12:00;000,0;281,5;000,0;019,6;000,0;000,0;15354;2053479;10;115469;424;2955;0;0;0;0;0;0;0;;-261,50;-234,75;-208,75;30,75;-13,75;32,00;14804,00;13062,00;11787,00;17,80;18,01;17,93;;263,50;235,25;211,25;10,22;6,78;5,10;-705,25;48,75;22,10;710,19;713,53;94,23;-176,31;12,19;177,55;178,38;1,00;-0,99;-0,99;
1.9.2015 12:15;000,0;285,3;000,0;020,0;000,0;000,0;15354;2053550;10;115474;424;2955;0;0;0;0;0;0;0;;-263,25;-236,50;-210,00;31,25;-13,75;32,25;14795,00;13090,00;11784,00;17,92;18,12;18,05;;265,00;237,00;212,50;nan;6,91;4,02;-710,00;49,75;nan;715,09;718,41;NaN;-177,50;12,44;178,77;179,60;1,00;-0,99;-0,99;
1.9.2015 12:30;000,0;284,3;000,0;019,7;000,0;000,0;15354;2053622;10;115479;424;2955;0;0;0;0;0;0;0;;-264,00;-237,50;-210,75;31,25;-14,00;32,00;14834,00;13106,00;11815,00;17,93;18,16;18,06;;265,75;237,75;213,25;nan;nan;6,00;-712,50;49,25;nan;717,31;720,67;NaN;-178,12;12,31;179,33;180,17;1,00;-0,99;-0,99;
1.9.2015 12:45;000,0;286,8;000,0;020,0;000,0;000,0;15354;2053693;10;115483;424;2955;0;0;0;0;0;0;0;;-266,00;-240,50;-212,50;32,00;-13,75;31,75;14800,00;13144,00;11772,00;18,12;18,33;18,27;;268,25;240,75;215,00;13,34;nan;7,79;-719,25;50,00;nan;724,22;727,62;NaN;-179,81;12,50;181,05;181,91;1,00;-0,99;-0,99;
1.9.2015 13:00;000,0;288,1;000,0;020,0;000,0;000,0;15354;2053765;10;115489;424;2955;0;0;0;0;0;0;0;;-265,75;-239,75;-212,25;31,75;-13,75;31,50;14832,00;13147,00;11794,00;18,06;18,28;18,22;;267,75;240,25;214,75;7,68;7,14;8,67;-718,25;49,50;23,49;723,06;726,48;94,32;-179,56;12,38;180,76;181,62;1,00;-0,99;-0,99;
1.9.2015 13:15;000,0;284,2;000,0;019,6;000,0;000,0;15354;2053836;10;115493;424;2955;0;0;0;0;0;0;0;;-261,75;-234,25;-208,75;30,25;-14,00;32,00;14890,00;13111,00;11847,00;17,70;17,91;17,84;;263,50;234,75;211,25;2,03;6,20;5,10;-705,00;48,25;13,33;709,72;713,10;94,73;-176,25;12,06;177,43;178,27;1,00;-0,99;-0,99;
1.9.2015 13:30;000,0;279,6;000,0;019,2;000,0;000,0;15354;2053906;10;115498;424;2955;0;0;0;0;0;0;0;;-257,25;-231,50;-205,50;30,25;-13,50;30,50;14827,00;13126,00;11792,00;17,48;17,68;17,63;;259,00;232,00;207,75;nan;7,04;nan;-694,50;47,25;nan;699,13;702,45;NaN;-173,62;11,81;174,78;175,61;1,00;-0,99;-0,99;
1.9.2015 13:45;000,0;274,6;000,0;018,8;000,0;000,0;15354;2053975;10;115503;424;2955;0;0;0;0;0;0;0;;-253,50;-228,50;-202,50;30,00;-13,50;30,00;14853,00;13155,00;11820,00;17,20;17,42;17,34;;255,25;229,00;205,00;nan;6,82;10,90;-684,75;46,50;nan;689,52;692,77;NaN;-171,19;11,62;172,38;173,19;1,00;-0,99;-0,99;
1.9.2015 14:00;000,0;272,8;000,0;018,5;000,0;000,0;15354;2054043;10;115508;424;2955;0;0;0;0;0;0;0;;-250,75;-226,00;-200,75;29,50;-13,00;29,75;14644,00;12961,00;11663,00;17,26;17,48;17,42;;252,75;226,50;203,00;11,69;7,57;4,83;-678,00;46,50;24,10;682,54;685,78;88,67;-169,50;11,62;170,64;171,44;1,00;-0,99;-0,99;
1.9.2015 14:15;000,0;265,7;000,0;017,9;000,0;000,0;15354;2054109;10;115512;424;2955;0;0;0;0;0;0;0;;-241,50;-215,25;-192,50;27,00;-13,25;29,75;14672,00;12861,00;11681,00;16,57;16,78;16,70;;243,00;215,75;195,00;nan;6,32;9,15;-649,50;43,50;nan;653,95;657,09;NaN;-162,38;10,88;163,49;164,27;1,00;-0,99;-0,99;
1.9.2015 14:30;000,0;255,1;000,0;016,9;000,0;000,0;15354;2054173;10;115516;424;2955;0;0;0;0;0;0;0;;-233,25;-207,75;-186,50;25,25;-12,75;28,25;14695,00;12878,00;11693,00;15,97;16,18;16,14;;234,75;208,25;188,50;8,03;6,74;nan;-627,75;40,75;nan;631,81;634,90;NaN;-156,94;10,19;157,95;158,72;1,00;-0,99;-0,99;
1.9.2015 14:45;000,0;245,0;000,0;015,9;000,0;000,0;15354;2054234;10;115520;424;2955;0;0;0;0;0;0;0;;-221,75;-198,25;-177,50;24,00;-12,25;26,25;14752,00;12984,00;11766,00;15,12;15,31;15,26;;223,00;198,75;179,50;nan;6,96;4,99;-597,50;38,00;nan;601,49;604,32;NaN;-149,38;9,50;150,37;151,08;1,00;-0,99;-0,99;
1.9.2015 15:00;000,0;232,8;000,0;014,6;000,0;000,0;15354;2054292;10;115524;424;2955;0;0;0;0;0;0;0;;-206,75;-185,25;-166,00;21,50;-11,50;24,00;14792,00;13036,00;11804,00;14,06;14,24;14,22;;208,00;185,50;167,75;7,50;nan;2,84;-558,25;34,00;nan;561,60;564,27;NaN;-139,56;8,50;140,40;141,07;1,00;-0,99;-0,99;
1.9.2015 15:15;000,0;219,0;000,0;013,3;000,0;000,0;15354;2054347;10;115527;424;2955;0;0;0;0;0;0;0;;-196,00;-175,75;-157,25;20,50;-11,00;22,50;14726,00;13004,00;11767,00;13,39;13,56;13,52;;197,00;176,25;159,00;nan;7,42;6,87;-529,25;31,75;nan;532,60;535,08;NaN;-132,31;7,94;133,15;133,77;1,00;-0,99;-0,99;
1.9.2015 15:30;000,0;204,7;000,0;012,0;000,0;000,0;15354;2054398;10;115530;424;2955;0;0;0;0;0;0;0;;-182,50;-163,50;-146,50;18,25;-10,75;20,50;14783,00;13051,00;11804,00;12,41;12,56;12,55;;183,50;163,75;148,00;5,74;nan;4,64;-492,50;28,00;nan;495,57;497,89;NaN;-123,12;7,00;123,89;124,47;1,00;-0,99;-0,99;
1.9.2015 15:45;000,0;192,4;000,0;010,9;000,0;000,0;15354;2054446;10;115533;424;2955;0;0;0;0;0;0;0;;-171,00;-152,50;-137,25;16,25;-10,25;19,25;14739,00;12974,00;11772,00;11,66;11,80;11,79;;171,75;153,00;138,75;nan;6,91;6,59;-461,00;25,50;nan;463,81;466,01;NaN;-115,25;6,38;115,95;116,50;1,00;-0,99;-0,99;
1.9.2015 16:00;000,0;176,6;000,0;009,6;000,0;000,0;15354;2054490;10;115535;424;2955;0;0;0;0;0;0;0;;-156,75;-139,75;-126,00;14,50;-9,75;17,50;14791,00;13002,00;11829,00;10,66;10,79;10,78;;157,50;140,25;127,50;5,04;6,70;8,60;-423,00;22,00;20,35;425,38;427,39;53,21;-105,75;5,50;106,34;106,85;1,00;-0,99;-0,99;
1.9.2015 16:15;000,0;161,2;000,0;008,4;000,0;000,0;15354;2054531;10;115537;424;2955;0;0;0;0;0;0;0;;-140,50;-125,25;-113,00;12,50;-9,00;15,25;14812,00;13040,00;11848,00;9,53;9,65;9,63;;141,00;125,75;114,00;nan;6,67;nan;-378,75;18,75;nan;381,05;382,84;NaN;-94,69;4,69;95,26;95,71;1,00;-0,99;-0,99;
1.9.2015 16:30;000,0;145,0;000,0;007,1;000,0;000,0;15354;2054567;10;115539;424;2955;0;0;0;0;0;0;0;;-126,50;-113,50;-102,25;11,25;-8,25;13,00;14828,00;13090,00;11856,00;8,58;8,72;8,70;;127,00;114,00;103,00;0,43;6,76;nan;-342,50;16,25;nan;344,45;346,10;NaN;-85,62;4,06;86,11;86,53;1,00;-0,99;-0,99;
1.9.2015 16:45;000,0;128,0;000,0;005,9;000,0;000,0;15354;2054599;10;115541;424;2955;0;0;0;0;0;0;0;;-109,00;-98,25;-88,25;9,50;-7,25;10,75;14812,00;13109,00;11846,00;7,40;7,52;7,52;;109,50;98,50;89,00;4,36;nan;4,17;-295,75;13,00;nan;297,28;298,71;NaN;-73,94;3,25;74,32;74,68;1,00;-0,99;-0,99;
1.9.2015 17:00;000,0;108,6;000,0;004,6;000,0;000,0;15354;2054626;10;115542;424;2955;0;0;0;0;0;0;0;;-91,00;-82,50;-74,00;7,50;-6,25;8,50;14789,00;13126,00;11843,00;6,19;6,31;6,31;;91,50;82,75;74,50;5,92;1,50;1,41;-247,75;10,00;8,83;249,11;250,32;33,22;-61,94;2,50;62,28;62,58;1,00;-0,99;-0,99;
1.9.2015 17:15;000,0;090,0;000,0;003,6;000,0;000,0;15354;2054648;10;115543;424;2955;0;0;0;0;0;0;0;;-73,75;-67,25;-60,25;6,00;-5,00;6,75;14812,00;13165,00;11843,00;5,01;5,13;5,12;;74,00;67,50;60,50;0,97;2,95;nan;-201,50;7,75;nan;202,44;203,48;NaN;-50,38;1,94;50,61;50,87;1,00;-1,00;-0,99;
1.9.2015 17:30;000,0;071,4;000,0;003,1;000,0;000,0;15354;2054666;10;115543;424;2955;0;0;0;0;0;0;0;;-57,00;-52,50;-46,75;5,00;-3,50;5,25;14648,00;12978,00;11730,00;3,92;4,06;4,02;;57,25;52,50;47,00;1,89;nan;nan;-156,50;6,75;nan;157,24;158,06;NaN;-39,12;1,69;39,31;39,52;1,00;-1,00;-0,99;
1.9.2015 17:45;000,0;054,4;000,0;002,2;000,0;000,0;15354;2054680;10;115544;424;2955;0;0;0;0;0;0;0;;-42,00;-38,50;-34,75;3,25;-2,75;3,50;14595,00;12861,00;11703,00;2,89;3,02;2,99;;42,00;38,75;34,75;nan;3,43;nan;-115,50;4,25;nan;115,98;116,64;NaN;-28,88;1,06;29,00;29,16;1,00;-1,00;-0,99;
1.9.2015 18:00;000,0;038,3;000,0;001,3;000,0;000,0;15354;2054689;10;115544;424;2955;0;0;0;0;0;0;0;;-27,50;-26,25;-23,00;2,25;-1,75;1,75;14556,00;13005,00;11662,00;1,91;2,03;2,00;;27,50;26,25;23,25;nan;nan;2,92;-77,00;2,25;nan;77,39;77,87;NaN;-19,25;0,56;19,35;19,47;1,00;-0,99;-0,99;
1.9.2015 18:15;000,0;025,3;000,0;000,7;000,0;000,0;15354;2054695;10;115544;424;2955;0;0;0;0;0;0;0;;-16,75;-16,50;-14,50;1,25;-1,00;0,75;14523,00;12928,00;11637,00;1,17;1,29;1,26;;16,75;16,50;14,50;nan;nan;nan;-48,00;1,00;nan;48,32;48,71;NaN;-12,00;0,25;12,08;12,18;1,00;-0,99;-0,99;
1.9.2015 18:30;000,0;014,9;000,0;000,1;000,0;000,0;15354;2054699;10;115544;424;2955;0;0;0;0;0;0;0;;-9,75;-9,75;-8,50;0,00;0,00;0,00;14521,00;12932,00;11623,00;0,69;0,76;0,75;;10,00;9,75;8,50;2,22;0,00;0,00;-28,50;0,00;2,22;28,67;28,90;4,23;-7,12;0,00;7,17;7,22;1,00;-0,99;-0,99;
1.9.2015 18:45;000,0;008,5;000,0;000,0;000,0;000,0;15354;2054701;10;115544;424;2955;0;0;0;0;0;0;0;;-4,50;-5,50;-4,75;0,00;0,00;0,00;14490,00;12925,00;11612,00;0,32;0,44;0,42;;4,50;5,50;4,75;0,00;0,00;0,00;-14,75;0,00;0,00;15,20;15,54;4,89;-3,69;0,00;3,80;3,88;1,00;-0,97;-0,95;
1.9.2015 19:00;000,0;004,3;000,0;000,0;000,0;000,0;15354;2054702;10;115544;424;2955;0;0;0;0;0;0;0;;-1,25;-2,50;-2,00;0,00;0,00;0,00;14458,00;12943,00;11587,00;0,12;0,21;0,21;;1,75;2,75;2,25;1,22;1,15;1,03;-6,00;0,00;3,40;6,95;7,30;2,39;-1,50;0,00;1,74;1,82;1,00;-0,86;-0,82;
1.9.2015 19:15;000,1;001,1;000,0;000,0;000,1;000,0;15354;2054702;10;115544;424;2955;0;0;0;0;0;0;0;;1,50;0,00;0,00;0,00;0,00;-0,75;14459,00;12848,00;11601,00;0,13;0,07;0,10;;1,75;0,00;1,00;0,90;0,00;0,66;1,50;-0,75;1,56;3,87;3,96;3,23;0,38;-0,19;0,97;0,99;0,88;0,39;0,38;
1.9.2015 19:30;000,6;000,0;000,0;000,0;000,0;000,1;15355;2054702;10;115544;424;2955;0;0;0;0;0;0;0;;1,00;0,00;0,50;0,00;0,00;0,00;14714,00;13131,00;11790,00;0,08;0,03;0,08;;1,00;0,00;0,75;0,00;0,00;0,56;1,75;0,00;0,56;2,51;2,69;1,97;0,44;0,00;0,63;0,67;1,00;0,70;0,65;
1.9.2015 19:45;001,0;000,0;000,0;000,0;000,0;000,3;15355;2054702;10;115544;424;2955;0;0;0;0;0;0;0;;1,75;0,00;0,75;0,00;0,00;-0,75;14729,00;13121,00;11790,00;0,12;0,04;0,10;;1,75;0,00;1,00;0,00;0,00;nan;2,50;-0,75;nan;3,46;3,75;NaN;0,62;-0,19;0,87;0,94;0,96;0,72;0,67;
1.9.2015 20:00;000,9;000,0;000,0;000,0;000,0;000,1;15355;2054702;10;115544;424;2955;0;0;0;0;0;0;0;;1,00;0,00;0,50;0,00;0,00;0,00;14638,00;13074,00;11732,00;0,08;0,03;0,09;;1,00;0,00;1,00;0,00;0,00;0,87;1,75;0,00;0,87;2,52;2,72;1,89;0,44;0,00;0,63;0,68;1,00;0,69;0,64;
1.9.2015 20:15;000,8;000,0;000,0;000,0;000,0;000,1;15355;2054702;10;115544;424;2955;0;0;0;0;0;0;0;;1,00;0,00;0,50;0,00;0,00;0,00;14635,00;13104,00;11739,00;0,08;0,03;0,08;;1,00;0,00;0,75;0,00;0,00;0,56;1,75;0,00;0,56;2,50;2,68;1,95;0,44;0,00;0,62;0,67;1,00;0,70;0,65;
1.9.2015 20:30;001,0;000,0;000,0;000,0;000,0;000,3;15355;2054702;10;115544;424;2955;0;0;0;0;0;0;0;;1,75;0,00;0,75;0,00;0,00;-0,75;14637,00;13189,00;11736,00;0,12;0,04;0,10;;1,75;0,00;1,00;0,00;0,00;nan;2,50;-0,75;nan;3,45;3,74;NaN;0,62;-0,19;0,86;0,94;0,96;0,72;0,67;
1.9.2015 20:45;000,7;000,0;000,0;000,0;000,0;000,0;15356;2054702;10;115544;424;2955;0;0;0;0;0;0;0;;1,00;0,00;0,50;0,00;0,00;0,00;14717,00;13157,00;11794,00;0,08;0,03;0,09;;1,00;0,00;1,00;0,00;0,00;0,87;1,75;0,00;0,87;2,54;2,73;1,91;0,44;0,00;0,63;0,68;1,00;0,69;0,64;
1.9.2015 21:00;000,8;000,0;000,0;000,0;000,0;000,0;15356;2054702;10;115544;424;2955;0;0;0;0;0;0;0;;1,00;0,00;0,50;0,00;0,00;0,00;14733,00;13082,00;11819,00;0,08;0,03;0,09;;1,00;0,00;1,00;0,00;0,00;0,87;1,75;0,00;0,87;2,54;2,73;1,91;0,44;0,00;0,63;0,68;1,00;0,69;0,64;
1.9.2015 21:15;000,8;000,0;000,0;000,0;000,0;000,1;15356;2054702;10;115544;424;2955;0;0;0;0;0;0;0;;1,75;0,00;0,75;0,00;0,00;-0,75;14775,00;13182,00;11834,00;0,12;0,04;0,10;;1,75;0,00;1,25;0,00;0,00;0,66;2,50;-0,75;0,66;3,48;3,77;2,63;0,62;-0,19;0,87;0,94;0,96;0,72;0,66;
1.9.2015 21:30;000,9;000,0;000,0;000,0;000,0;000,2;15356;2054702;10;115544;424;2955;0;0;0;0;0;0;0;;1,00;0,00;0,50;0,00;0,00;0,00;14777,00;13299,00;11840,00;0,08;0,03;0,09;;1,00;0,00;1,00;0,00;0,00;0,87;1,75;0,00;0,87;2,58;2,77;1,96;0,44;0,00;0,65;0,69;1,00;0,68;0,63;
1.9.2015 21:45;000,7;000,0;000,0;000,0;000,0;000,0;15356;2054702;10;115544;424;2955;0;0;0;0;0;0;0;;1,00;0,00;0,50;0,00;0,00;0,00;14771,00;13369,00;11851,00;0,08;0,03;0,09;;1,00;0,00;1,00;0,00;0,00;0,87;1,75;0,00;0,87;2,55;2,76;1,94;0,44;0,00;0,64;0,69;1,00;0,69;0,64;
1.9.2015 22:00;000,8;000,0;000,0;000,0;000,0;000,0;15357;2054702;10;115544;424;2955;0;0;0;0;0;0;0;;1,00;0,00;0,50;0,00;0,00;0,00;14529,00;13089,00;11659,00;0,08;0,03;0,09;;1,00;0,00;0,75;0,00;0,00;0,56;1,75;0,00;0,56;2,51;2,71;1,99;0,44;0,00;0,63;0,68;1,00;0,70;0,65;
1.9.2015 22:15;000,7;000,0;000,0;000,0;000,0;000,0;15357;2054702;10;115544;424;2955;0;0;0;0;0;0;0;;1,00;0,00;0,50;0,00;0,00;0,00;14537,00;13046,00;11654,00;0,08;0,03;0,08;;1,00;0,00;0,75;0,00;0,00;0,56;1,75;0,00;0,56;2,48;2,66;1,93;0,44;0,00;0,62;0,67;1,00;0,71;0,66;
1.9.2015 22:30;000,8;000,0;000,0;000,0;000,0;000,1;15357;2054702;10;115544;424;2955;0;0;0;0;0;0;0;;1,00;0,00;0,50;0,00;0,00;0,00;14543,00;13099,00;11663,00;0,08;0,03;0,09;;1,00;0,00;0,75;0,00;0,00;0,56;1,75;0,00;0,56;2,54;2,72;2,01;0,44;0,00;0,64;0,68;1,00;0,69;0,64;
1.9.2015 22:45;000,7;000,0;000,0;000,0;000,0;000,0;15357;2054702;10;115544;424;2955;0;0;0;0;0;0;0;;1,00;0,00;0,50;0,00;0,00;0,00;14518,00;13057,00;11651,00;0,08;0,03;0,09;;1,00;0,00;0,75;0,00;0,00;0,56;1,75;0,00;0,56;2,51;2,70;1,98;0,44;0,00;0,63;0,68;1,00;0,70;0,65;
1.9.2015 23:00;000,8;000,0;000,0;000,0;000,0;000,0;15357;2054702;10;115544;424;2955;0;0;0;0;0;0;0;;1,00;0,00;0,50;0,00;0,00;0,00;14517,00;13033,00;11656,00;0,08;0,03;0,09;;1,00;0,00;0,75;0,00;0,00;0,56;1,75;0,00;0,56;2,51;2,70;1,98;0,44;0,00;0,63;0,68;1,00;0,70;0,65;
1.9.2015 23:15;000,7;000,0;000,0;000,0;000,0;000,0;15358;2054702;10;115544;424;2955;0;0;0;0;0;0;0;;1,00;0,00;0,50;0,00;0,00;0,00;14479,00;13035,00;11628,00;0,08;0,03;0,08;;1,00;0,00;0,75;0,00;0,00;0,56;1,75;0,00;0,56;2,47;2,66;1,92;0,44;0,00;0,62;0,66;1,00;0,71;0,66;
1.9.2015 23:30;000,8;000,0;000,0;000,0;000,0;000,0;15358;2054702;10;115544;424;2955;0;0;0;0;0;0;0;;1,00;0,00;0,50;0,00;0,00;0,00;14491,00;13080,00;11628,00;0,08;0,03;0,08;;1,00;0,00;0,75;0,00;0,00;0,56;1,75;0,00;0,56;2,51;2,68;1,95;0,44;0,00;0,63;0,67;1,00;0,70;0,65;
1.9.2015 23:45;000,7;000,0;000,0;000,0;000,0;000,0;15358;2054702;10;115544;424;2955;0;0;0;0;0;0;0;;1,00;0,00;0,50;0,00;0,00;0,00;14498,00;13079,00;11642,00;0,08;0,03;0,08;;1,00;0,00;0,75;0,00;0,00;0,56;1,75;0,00;0,56;2,48;2,66;1,93;0,44;0,00;0,62;0,67;1,00;0,71;0,66;
2.9.2015 00:00;000,7;000,0;000,0;000,0;000,0;000,0;15358;2054702;10;115544;424;2955;0;0;0;0;0;0;0;;1,00;0,00;0,50;0,00;0,00;0,00;14498,00;13124,00;11648,00;0,08;0,03;0,09;;1,00;0,00;0,75;0,00;0,00;0,56;1,75;0,00;0,56;2,51;2,71;1,99;0,44;0,00;0,63;0,68;1,00;0,70;0,65;
2.9.2015 00:15;000,8;000,0;000,0;000,0;000,0;000,1;15358;2054702;10;115544;424;2955;0;0;0;0;0;0;0;;1,50;0,00;0,75;0,00;0,00;-0,75;14600,00;13111,00;11716,00;0,12;0,04;0,10;;1,75;0,00;1,00;0,90;0,00;nan;2,50;-0,75;nan;3,44;3,73;NaN;0,62;-0,19;0,86;0,93;0,96;0,73;0,67;
2.9.2015 00:30;000,7;000,0;000,0;000,0;000,0;000,0;15358;2054702;10;115544;424;2955;0;0;0;0;0;0;0;;1,00;0,00;0,50;0,00;0,00;0,00;14551,00;13157,00;11689,00;0,08;0,03;0,09;;1,00;0,00;1,00;0,00;0,00;0,87;1,75;0,00;0,87;2,55;2,73;1,91;0,44;0,00;0,64;0,68;1,00;0,69;0,64;
2.9.2015 00:45;000,8;000,0;000,0;000,0;000,0;000,0;15359;2054702;10;115544;424;2955;0;0;0;0;0;0;0;;1,75;0,00;0,75;0,00;0,00;-0,75;14697,00;13315,00;11810,00;0,12;0,04;0,11;;1,75;0,00;1,25;0,00;0,00;0,66;2,50;-0,75;0,66;3,57;3,89;2,81;0,62;-0,19;0,89;0,97;0,96;0,70;0,64;
2.9.2015 01:00;000,7;000,0;000,0;000,0;000,0;000,0;15359;2054702;10;115544;424;2955;0;0;0;0;0;0;0;;1,00;0,00;0,50;0,00;0,00;0,00;14747,00;13201,00;11845,00;0,08;0,03;0,09;;1,00;0,00;1,00;0,00;0,00;0,87;1,75;0,00;0,87;2,55;2,74;1,93;0,44;0,00;0,64;0,69;1,00;0,69;0,64;
2.9.2015 01:15;000,8;000,0;000,0;000,0;000,0;000,0;15359;2054702;10;115544;424;2955;0;0;0;0;0;0;0;;1,00;0,00;0,50;0,00;0,00;0,00;14741,00;13227,00;11850,00;0,08;0,03;0,09;;1,00;0,00;1,00;0,00;0,00;0,87;1,75;0,00;0,87;2,55;2,74;1,93;0,44;0,00;0,64;0,69;1,00;0,69;0,64;
2.9.2015 01:30;000,7;000,0;000,0;000,0;000,0;000,0;15359;2054702;10;115544;424;2955;0;0;0;0;0;0;0;;1,00;0,00;0,50;0,00;0,00;0,00;14701,00;13300,00;11820,00;0,08;0,03;0,09;;1,00;0,00;1,00;0,00;0,00;0,87;1,75;0,00;0,87;2,58;2,76;1,95;0,44;0,00;0,64;0,69;1,00;0,68;0,63;
2.9.2015 01:45;000,7;000,0;000,0;000,0;000,0;000,0;15359;2054702;10;115544;424;2955;0;0;0;0;0;0;0;;1,00;0,00;0,50;0,00;0,00;0,00;14523,00;13083,00;11676,00;0,08;0,03;0,09;;1,00;0,00;0,75;0,00;0,00;0,56;1,75;0,00;0,56;2,54;2,72;2,01;0,44;0,00;0,64;0,68;1,00;0,69;0,64;
2.9.2015 02:00;000,8;000,0;000,0;000,0;000,0;000,0;15360;2054702;10;115544;424;2955;0;0;0;0;0;0;0;;1,00;0,00;0,50;0,00;0,00;0,00;14528,00;13073,00;11690,00;0,08;0,03;0,09;;1,00;0,00;1,00;0,00;0,00;0,87;1,75;0,00;0,87;2,54;2,72;1,90;0,44;0,00;0,64;0,68;1,00;0,69;0,64;
2.9.2015 02:15;000,7;000,0;000,0;000,0;000,0;000,0;15360;2054702;10;115544;424;2955;0;0;0;0;0;0;0;;1,00;0,00;0,50;0,00;0,00;0,00;14535,00;13019,00;11688,00;0,08;0,03;0,09;;1,00;0,00;1,00;0,00;0,00;0,87;1,75;0,00;0,87;2,51;2,70;1,87;0,44;0,00;0,63;0,68;1,00;0,70;0,65;
2.9.2015 02:30;000,7;000,0;000,0;000,0;000,0;000,0;15360;2054702;10;115544;424;2955;0;0;0;0;0;0;0;;1,00;0,00;0,50;0,00;0,00;0,00;14556,00;13077,00;11714,00;0,08;0,03;0,09;;1,00;0,00;1,00;0,00;0,00;0,87;1,75;0,00;0,87;2,55;2,73;1,90;0,44;0,00;0,64;0,68;1,00;0,69;0,64;
2.9.2015 02:45;000,8;000,0;000,0;000,0;000,0;000,0;15360;2054702;10;115544;424;2955;0;0;0;0;0;0;0;;1,00;0,00;0,50;0,00;0,00;0,00;14547,00;13089,00;11711,00;0,08;0,03;0,09;;1,00;0,00;1,00;0,00;0,00;0,87;1,75;0,00;0,87;2,55;2,73;1,90;0,44;0,00;0,64;0,68;1,00;0,69;0,64;
2.9.2015 03:00;000,7;000,0;000,0;000,0;000,0;000,0;15360;2054702;10;115544;424;2955;0;0;0;0;0;0;0;;1,00;0,00;0,50;0,00;0,00;0,00;14536,00;12998,00;11701,00;0,08;0,03;0,08;;1,00;0,00;0,75;0,00;0,00;0,56;1,75;0,00;0,56;2,51;2,68;1,95;0,44;0,00;0,63;0,67;1,00;0,70;0,65;
2.9.2015 03:15;000,7;000,0;000,0;000,0;000,0;000,0;15360;2054702;10;115544;424;2955;0;0;0;0;0;0;0;;1,00;0,00;0,50;0,00;0,00;0,00;14561,00;13109,00;11719,00;0,08;0,03;0,09;;1,00;0,00;1,00;0,00;0,00;0,87;1,75;0,00;0,87;2,55;2,73;1,91;0,44;0,00;0,64;0,68;1,00;0,69;0,64;
2.9.2015 03:30;000,8;000,0;000,0;000,0;000,0;000,0;15361;2054702;10;115544;424;2955;0;0;0;0;0;0;0;;1,00;0,00;0,50;0,00;0,00;0,00;14517,00;13105,00;11682,00;0,08;0,03;0,09;;1,00;0,00;0,75;0,00;0,00;0,56;1,75;0,00;0,56;2,54;2,72;2,01;0,44;0,00;0,64;0,68;1,00;0,69;0,64;
2.9.2015 03:45;000,7;000,0;000,0;000,0;000,0;000,0;15361;2054702;10;115544;424;2955;0;0;0;0;0;0;0;;1,00;0,00;0,50;0,00;0,00;0,00;14540,00;13104,00;11685,00;0,08;0,03;0,08;;1,00;0,00;0,75;0,00;0,00;0,56;1,75;0,00;0,56;2,52;2,68;1,96;0,44;0,00;0,63;0,67;1,00;0,70;0,65;
2.9.2015 04:00;000,7;000,0;000,0;000,0;000,0;000,0;15361;2054702;10;115544;424;2955;0;0;0;0;0;0;0;;1,00;0,00;0,50;0,00;0,00;0,00;14587,00;13088,00;11727,00;0,08;0,03;0,09;;1,00;0,00;0,75;0,00;0,00;0,56;1,75;0,00;0,56;2,55;2,73;2,02;0,44;0,00;0,64;0,68;1,00;0,69;0,64;
2.9.2015 04:15;000,7;000,0;000,0;000,0;000,0;000,0;15361;2054702;10;115544;424;2955;0;0;0;0;0;0;0;;1,00;0,00;0,50;0,00;0,00;0,00;14537,00;13064,00;11696,00;0,08;0,03;0,08;;1,00;0,00;0,75;0,00;0,00;0,56;1,75;0,00;0,56;2,52;2,68;1,95;0,44;0,00;0,63;0,67;1,00;0,70;0,65;
2.9.2015 04:30;000,8;000,0;000,0;000,0;000,0;000,0;15361;2054702;10;115544;424;2955;0;0;0;0;0;0;0;;1,00;0,00;0,50;0,00;0,00;0,00;14510,00;13100,00;11686,00;0,08;0,03;0,09;;1,00;0,00;1,00;0,00;0,00;0,87;1,75;0,00;0,87;2,54;2,72;1,90;0,44;0,00;0,64;0,68;1,00;0,69;0,64;
2.9.2015 04:45;000,7;000,0;000,0;000,0;000,0;000,0;15362;2054702;10;115544;424;2955;0;0;0;0;0;0;0;;1,00;0,00;0,50;0,00;0,00;0,00;14508,00;13086,00;11678,00;0,08;0,03;0,09;;1,00;0,00;1,00;0,00;0,00;0,87;1,75;0,00;0,87;2,58;2,76;1,95;0,44;0,00;0,64;0,69;1,00;0,68;0,63;
2.9.2015 05:00;000,7;000,0;000,0;000,0;000,0;000,0;15362;2054702;10;115544;424;2955;0;0;0;0;0;0;0;;1,00;0,00;0,50;0,00;0,00;0,00;14508,00;13012,00;11673,00;0,08;0,03;0,09;;1,00;0,00;0,75;0,00;0,00;0,56;1,75;0,00;0,56;2,54;2,72;2,00;0,44;0,00;0,63;0,68;1,00;0,69;0,64;
2.9.2015 05:15;000,7;000,0;000,0;000,0;000,0;000,0;15362;2054702;10;115544;424;2955;0;0;0;0;0;0;0;;1,00;0,00;0,50;0,00;0,00;0,00;14453,00;12989,00;11638,00;0,08;0,03;0,09;;1,00;0,00;0,75;0,00;0,00;0,56;1,75;0,00;0,56;2,53;2,71;1,99;0,44;0,00;0,63;0,68;1,00;0,69;0,65;
2.9.2015 05:30;000,2;000,0;000,0;000,0;000,0;000,0;15362;2054702;10;115544;424;2955;0;0;0;0;0;0;0;;0,00;0,00;0,00;0,00;0,00;0,00;14634,00;13026,00;11750,00;0,04;0,00;0,04;;0,00;0,00;0,00;0,00;0,00;0,00;0,00;0,00;0,00;1,22;1,45;1,45;0,00;0,00;0,30;0,36;nan;0,00;0,00;
2.9.2015 05:45;000,6;000,0;000,1;000,0;000,0;000,0;15362;2054702;10;115544;424;2955;0;0;0;0;0;0;0;;1,00;0,00;0,50;0,00;0,00;0,00;14473,00;13018,00;11662,00;0,08;0,03;0,09;;1,00;0,00;0,75;0,00;0,00;0,56;1,75;0,00;0,56;2,54;2,71;2,00;0,44;0,00;0,63;0,68;1,00;0,69;0,65;
2.9.2015 06:00;000,7;000,0;000,0;000,0;000,0;000,0;15362;2054702;10;115544;424;2955;0;0;0;0;0;0;0;;1,00;0,00;0,50;0,00;0,00;0,00;14380,00;13017,00;11604,00;0,08;0,03;0,08;;1,00;0,00;0,75;0,00;0,00;0,56;1,75;0,00;0,56;2,49;2,66;1,93;0,44;0,00;0,62;0,67;1,00;0,70;0,66;
2.9.2015 06:15;000,7;000,0;000,0;000,0;000,0;000,0;15362;2054702;10;115544;424;2955;0;0;0;0;0;0;0;;1,00;0,00;0,50;0,00;0,00;0,00;14555,00;13109,00;11738,00;0,08;0,03;0,09;;1,00;0,00;0,75;0,00;0,00;0,56;1,75;0,00;0,56;2,52;2,71;2,00;0,44;0,00;0,63;0,68;1,00;0,69;0,64;
2.9.2015 06:30;000,5;001,2;000,0;000,0;000,0;000,2;15363;2054703;10;115544;424;2955;0;0;0;0;0;0;0;;-3,25;-3,50;-3,00;0,00;0,00;0,00;14496,00;13098,00;11697,00;0,26;0,29;0,28;;3,75;3,75;3,25;1,87;1,35;1,25;-10,25;0,00;4,47;10,97;11,05;NaN;-2,56;0,00;2,74;2,76;1,00;-0,93;-0,93;
2.9.2015 06:45;000,0;005,5;000,0;000,0;000,0;000,0;15363;2054704;10;115544;424;2955;0;0;0;0;0;0;0;;-6,25;-5,75;-5,25;0,00;0,00;0,00;14539,00;13026,00;11718,00;0,44;0,47;0,47;;6,25;6,00;5,25;0,00;1,71;0,00;-17,50;0,00;1,71;17,94;18,05;4,07;-4,38;0,00;4,48;4,51;1,00;-0,98;-0,97;
2.9.2015 07:00;000,0;014,9;000,0;000,3;000,0;000,0;15363;2054708;10;115545;424;2955;0;0;0;0;0;0;0;;-21,25;-19,75;-17,50;1,50;-1,50;1,50;14694,00;13377,00;11846,00;1,46;1,49;1,48;;21,25;19,75;17,50;nan;nan;nan;-58,50;1,50;nan;58,87;59,14;NaN;-14,62;0,38;14,72;14,78;1,00;-0,99;-0,99;
2.9.2015 07:15;000,0;032,0;000,0;001,0;000,0;000,0;15363;2054716;10;115545;424;2955;0;0;0;0;0;0;0;;-37,25;-33,75;-30,25;3,00;-2,50;3,25;14437,00;12870,00;11604,00;2,60;2,64;2,64;;37,50;34,00;30,50;3,11;3,27;2,15;-101,50;3,75;8,53;102,15;102,62;11,87;-25,38;0,94;25,54;25,65;1,00;-0,99;-0,99;
2.9.2015 07:30;000,0;049,9;000,0;002,1;000,0;000,0;15363;2054729;10;115545;424;2955;0;0;0;0;0;0;0;;-55,00;-49,75;-44,25;4,75;-3,75;5,25;14671,00;13096,00;11766,00;3,78;3,81;3,80;;55,25;49,75;44,75;2,24;nan;4,12;-149,25;6,50;nan;150,12;150,77;NaN;-37,31;1,62;37,53;37,69;1,00;-0,99;-0,99;
2.9.2015 07:45;000,0;069,9;000,0;003,3;000,0;000,0;15363;2054746;10;115546;424;2955;0;0;0;0;0;0;0;;-74,50;-66,75;-59,75;7,00;-4,75;7,75;14632,00;13014,00;11725,00;5,12;5,16;5,15;;74,75;67,00;60,25;nan;3,30;nan;-201,25;10,25;nan;202,55;203,43;NaN;-50,31;2,56;50,64;50,86;1,00;-0,99;-0,99;
2.9.2015 08:00;000,0;091,0;000,0;005,0;000,0;000,0;15363;2054769;10;115547;424;2955;0;0;0;0;0;0;0;;-93,00;-84,25;-75,00;9,50;-5,00;10,00;14643,00;13066,00;11726,00;6,39;6,48;6,47;;93,50;84,50;75,75;1,73;4,15;3,61;-252,50;14,50;9,49;254,08;255,24;33,02;-63,12;3,62;63,52;63,81;1,00;-0,99;-0,99;
2.9.2015 08:15;000,0;110,5;000,0;006,7;000,0;000,0;15363;2054797;10;115549;424;2955;0;0;0;0;0;0;0;;-110,50;-99,25;-88,50;11,75;-6,00;12,75;14646,00;13019,00;11719,00;7,60;7,64;7,64;;111,25;99,50;89,50;5,32;3,70;3,93;-298,25;18,75;12,94;300,24;301,55;38,22;-74,56;4,69;75,06;75,39;1,00;-0,99;-0,99;
2.9.2015 08:30;000,0;129,2;000,0;008,4;000,0;000,0;15363;2054829;10;115551;424;2955;0;0;0;0;0;0;0;;-128,25;-115,25;-102,50;14,50;-6,25;15,25;14679,00;13076,00;11743,00;8,80;8,84;8,84;;129,00;115,50;103,75;nan;4,32;5,02;-346,25;23,50;nan;348,51;350,02;NaN;-86,56;5,88;87,13;87,50;1,00;-0,99;-0,99;
2.9.2015 08:45;000,0;143,5;000,0;009,7;000,0;000,0;15363;2054865;10;115554;424;2955;0;0;0;0;0;0;0;;-146,25;-131,00;-117,25;14,25;-9,25;16,00;14560,00;12922,00;11645,00;10,11;10,18;10,18;;147,00;131,50;118,50;4,11;6,76;6,22;-394,75;20,75;17,09;397,23;399,00;51,45;-98,69;5,19;99,31;99,75;1,00;-0,99;-0,99;
2.9.2015 09:00;000,0;167,2;000,0;009,0;000,0;000,0;15363;2054907;10;115556;424;2955;0;0;0;0;0;0;0;;-163,00;-147,00;-131,00;16,50;-9,75;17,50;14610,00;13013,00;11682,00;11,22;11,34;11,33;;163,75;147,50;132,25;nan;7,22;4,78;-441,25;24,25;nan;443,85;445,87;NaN;-110,31;6,06;110,96;111,47;1,00;-0,99;-0,99;
2.9.2015 09:15;000,0;185,3;000,0;010,4;000,0;000,0;15363;2054953;10;115558;424;2955;0;0;0;0;0;0;0;;-179,25;-161,00;-143,50;18,50;-10,75;19,75;14766,00;13152,00;11807,00;12,21;12,28;12,29;;180,25;161,50;145,00;4,15;6,76;6,53;-484,00;27,25;17,45;486,94;489,09;62,51;-121,00;6,81;121,74;122,27;1,00;-0,99;-0,99;
2.9.2015 09:30;000,0;200,4;000,0;011,7;000,0;000,0;15363;2055003;10;115561;424;2955;0;0;0;0;0;0;0;;-192,00;-172,25;-154,00;20,00;-11,00;22,00;14779,00;13083,00;11821,00;13,07;13,20;13,18;;193,00;172,50;155,75;nan;nan;7,62;-518,25;31,00;nan;521,62;523,99;NaN;-129,56;7,75;130,41;131,00;1,00;-0,99;-0,99;
2.9.2015 09:45;000,0;213,6;000,0;012,9;000,0;000,0;15363;2055057;10;115565;424;2955;0;0;0;0;0;0;0;;-202,75;-182,75;-162,75;21,75;-11,00;22,75;14720,00;13093,00;11764,00;13,86;13,99;13,98;;204,00;183,25;164,50;5,95;7,87;7,42;-548,25;33,50;21,25;551,81;554,32;71,53;-137,06;8,38;137,95;138,58;1,00;-0,99;-0,99;
2.9.2015 10:00;000,0;223,4;000,0;013,9;000,0;000,0;15363;2055113;10;115568;424;2955;0;0;0;0;0;0;0;;-210,50;-189,00;-168,50;22,75;-11,50;24,25;14792,00;13106,00;11805,00;14,32;14,46;14,45;;211,75;189,50;170,50;3,20;7,55;9,48;-568,50;35,50;20,23;572,03;574,66;73,31;-142,12;8,88;143,01;143,67;1,00;-0,99;-0,99;
2.9.2015 10:15;000,0;233,0;000,0;014,7;000,0;000,0;15363;2055171;10;115572;424;2955;0;0;0;0;0;0;0;;-198,00;-199,25;-198,75;12,00;14,00;12,00;13208,00;13177,00;13161,00;15,04;15,16;15,15;;198,50;199,75;199,25;7,37;1,87;7,42;-596,25;38,25;16,65;597,80;597,81;10,98;-149,06;9,56;149,45;149,45;1,00;-1,00;-1,00;
2.9.2015 10:30;000,0;242,3;000,0;016,3;000,0;000,0;15363;2055232;10;115576;424;2955;0;0;0;0;0;0;0;;-215,50;-192,25;-210,50;2,75;11,75;27,50;13372,00;11886,00;13095,00;16,12;16,23;16,22;;215,50;192,75;212,25;nan;7,38;nan;-618,50;42,00;nan;620,87;621,73;NaN;-154,62;10,50;155,22;155,43;1,00;-1,00;-0,99;
2.9.2015 10:45;000,0;253,0;000,0;017,2;000,0;000,0;15363;2055295;10;115580;424;2955;0;0;0;0;0;0;0;;-225,25;-201,25;-220,25;2,50;12,25;28,75;13754,00;12222,00;13486,00;16,40;16,51;16,48;;225,50;201,50;222,00;10,32;nan;nan;-647,00;43,50;nan;649,44;650,35;NaN;-161,75;10,88;162,36;162,59;1,00;-1,00;-0,99;
2.9.2015 11:00;000,0;262,4;000,0;018,0;000,0;000,0;15363;2055361;10;115585;424;2955;0;0;0;0;0;0;0;;-231,75;-206,75;-225,75;3,50;12,25;30,00;13618,00;12056,00;13280,00;17,03;17,19;17,16;;232,00;207,25;227,75;10,18;7,55;2,65;-664,50;45,75;20,37;667,10;668,11;48,02;-166,12;11,44;166,78;167,03;1,00;-1,00;-0,99;
2.9.2015 11:15;000,0;270,5;000,0;019,1;000,0;000,0;15363;2055428;10;115589;424;2955;0;0;0;0;0;0;0;;-236,75;-210,50;-230,50;3,25;13,00;31,25;13542,00;12016,00;13248,00;17,50;17,58;17,57;;237,00;211,00;232,75;10,39;6,46;8,11;-678,25;47,75;24,96;680,93;681,87;44,96;-169,56;11,94;170,23;170,47;1,00;-1,00;-0,99;
2.9.2015 11:30;000,0;275,3;000,0;019,6;000,0;000,0;15363;2055497;10;115594;424;2955;0;0;0;0;0;0;0;;-242,50;-216,50;-236,75;4,00;13,75;31,75;13541,00;11992,00;13218,00;17,93;18,11;18,08;;242,75;217,00;238,75;10,26;5,26;nan;-696,00;49,75;nan;698,85;699,91;NaN;-174,00;12,44;174,71;174,98;1,00;-1,00;-0,99;
2.9.2015 11:45;000,0;280,1;000,0;019,8;000,0;000,0;15363;2055567;10;115599;424;2955;0;0;0;0;0;0;0;;-234,00;-234,25;-235,75;14,75;18,50;16,50;13213,00;13127,00;13222,00;17,76;17,91;17,89;;234,50;235,00;236,50;4,09;3,11;9,05;-704,25;50,00;16,25;706,28;706,29;10,58;-176,06;12,50;176,57;176,57;1,00;-1,00;-1,00;
2.9.2015 12:00;000,0;285,3;000,0;020,1;000,0;000,0;15363;2055639;10;115604;424;2955;0;0;0;0;0;0;0;;-256,25;-246,50;-212,25;35,50;-8,00;22,50;14356,00;13533,00;11732,00;18,04;18,24;18,21;;258,75;246,75;213,50;5,22;7,70;5,09;-715,25;50,25;18,01;719,43;722,10;83,62;-178,81;12,56;179,86;180,52;1,00;-0,99;-0,99;
2.9.2015 12:15;000,0;286,5;000,0;020,2;000,0;000,0;15363;2055710;10;115609;424;2955;0;0;0;0;0;0;0;;-257,75;-246,75;-212,50;35,75;-8,50;23,75;14349,00;13477,00;11705,00;18,16;18,35;18,30;;260,50;247,00;214,00;12,13;7,15;8,70;-717,50;51,00;27,98;722,08;724,75;84,11;-179,38;12,75;180,52;181,19;1,00;-0,99;-0,99;
2.9.2015 12:30;000,0;289,7;000,0;020,5;000,0;000,0;15363;2055782;10;115615;424;2955;0;0;0;0;0;0;0;;-260,75;-249,00;-214,50;35,75;-8,75;24,25;14402,00;13489,00;11722,00;18,28;18,48;18,44;;263,25;249,25;216,00;5,65;6,93;7,60;-724,25;51,25;20,17;728,71;731,47;86,46;-181,06;12,81;182,18;182,87;1,00;-0,99;-0,99;
2.9.2015 12:45;000,0;290,1;000,0;020,5;000,0;000,0;15363;2055855;10;115620;424;2955;0;0;0;0;0;0;0;;-261,75;-250,50;-215,75;36,00;-8,50;23,75;14356,00;13464,00;11701,00;18,42;18,64;18,58;;264,25;250,75;217,25;4,36;7,28;9,24;-728,25;51,25;20,89;732,68;735,43;86,25;-182,06;12,81;183,17;183,86;1,00;-0,99;-0,99;
2.9.2015 13:00;000,0;290,0;000,0;020,5;000,0;000,0;15363;2055928;10;115625;424;2955;0;0;0;0;0;0;0;;-260,50;-249,00;-214,50;35,75;-8,50;23,75;14369,00;13469,00;11706,00;18,31;18,50;18,46;;263,00;249,25;216,00;5,54;7,23;9,04;-724,25;50,75;21,81;728,43;731,17;83,76;-181,06;12,69;182,11;182,79;1,00;-0,99;-0,99;
2.9.2015 13:15;000,0;286,6;000,0;020,1;000,0;000,0;15363;2055999;10;115630;424;2955;0;0;0;0;0;0;0;;-254,75;-243,25;-210,00;34,50;-8,50;23,25;14354,00;13440,00;11685,00;17,92;18,13;18,09;;257,25;243,50;211,25;9,47;7,03;nan;-708,25;49,25;nan;712,44;715,16;NaN;-177,06;12,31;178,11;178,79;1,00;-0,99;-0,99;
2.9.2015 13:30;000,0;282,3;000,0;019,7;000,0;000,0;15363;2056070;10;115635;424;2955;0;0;0;0;0;0;0;;-250,50;-240,50;-207,25;34,25;-8,00;22,00;14486,00;13615,00;11821,00;17,47;17,68;17,65;;253,00;240,75;208,50;9,26;7,50;5,97;-698,50;48,00;22,73;702,43;705,08;80,05;-174,62;12,00;175,61;176,27;1,00;-0,99;-0,99;
2.9.2015 13:45;000,0;277,9;000,0;019,3;000,0;000,0;15363;2056139;10;115640;424;2955;0;0;0;0;0;0;0;;-248,25;-236,75;-204,25;33,75;-8,75;23,00;14343,00;13403,00;11663,00;17,49;17,69;17,65;;250,75;237,00;205,75;10,41;6,47;9,27;-689,75;47,75;26,16;693,85;696,51;80,03;-172,44;11,94;173,46;174,13;1,00;-0,99;-0,99;
2.9.2015 14:00;000,0;273,7;000,0;018,9;000,0;000,0;15363;2056208;10;115644;424;2955;0;0;0;0;0;0;0;;-241,75;-232,75;-200,25;32,75;-7,75;20,75;14273,00;13461,00;11677,00;17,10;17,31;17,27;;244,00;232,75;201,50;4,51;nan;8,46;-675,00;46,00;nan;678,71;681,20;NaN;-168,75;11,50;169,68;170,30;1,00;-0,99;-0,99;
2.9.2015 14:15;000,0;266,1;000,0;018,1;000,0;000,0;15363;2056274;10;115649;424;2955;0;0;0;0;0;0;0;;-236,00;-225,25;-194,25;31,50;-8,25;21,25;14308,00;13375,00;11635,00;16,66;16,86;16,82;;238,25;225,50;195,50;8,65;6,68;5,97;-655,75;44,50;21,30;659,60;662,15;77,46;-163,94;11,12;164,90;165,54;1,00;-0,99;-0,99;
2.9.2015 14:30;000,0;257,0;000,0;017,2;000,0;000,0;15363;2056338;10;115653;424;2955;0;0;0;0;0;0;0;;-226,50;-216,75;-186,75;30,00;-8,25;19,75;14363,00;13488,00;11706,00;15,92;16,10;16,07;;228,50;217,00;188,00;3,16;6,35;8,85;-630,50;41,25;18,37;633,94;636,33;73,13;-157,62;10,31;158,49;159,08;1,00;-0,99;-0,99;
2.9.2015 14:45;000,0;248,4;000,0;016,3;000,0;000,0;15363;2056400;10;115657;424;2955;0;0;0;0;0;0;0;;-218,50;-208,75;-180,00;28,50;-8,50;19,00;14379,00;13468,00;11700,00;15,33;15,52;15,48;;220,25;209,00;181,00;nan;5,67;0,00;-607,25;39,00;nan;610,67;613,02;NaN;-151,81;9,75;152,67;153,25;1,00;-0,99;-0,99;
2.9.2015 15:00;000,0;236,4;000,0;015,1;000,0;000,0;15363;2056459;10;115661;424;2955;0;0;0;0;0;0;0;;-206,50;-198,50;-171,00;26,75;-7,50;16,75;14362,00;13553,00;11744,00;14,52;14,68;14,66;;208,50;198,75;172,00;10,70;6,56;7,90;-576,50;36,00;25,16;579,56;581,71;64,04;-144,12;9,00;144,89;145,43;1,00;-0,99;-0,99;
2.9.2015 15:15;000,0;223,5;000,0;013,7;000,0;000,0;15363;2056515;10;115664;424;2955;0;0;0;0;0;0;0;;-196,00;-187,25;-161,50;24,75;-8,00;16,25;14446,00;13540,00;11749,00;13,69;13,85;13,84;;197,50;187,50;162,50;nan;5,45;7,74;-545,00;33,00;nan;547,80;549,94;NaN;-136,25;8,25;136,95;137,49;1,00;-0,99;-0,99;
2.9.2015 15:30;000,0;211,3;000,0;012,6;000,0;000,0;15363;2056568;10;115668;424;2955;0;0;0;0;0;0;0;;-183,00;-175,25;-151,25;22,75;-7,50;14,75;14429,00;13563,00;11760,00;12,80;12,95;12,94;;184,50;175,50;152,00;5,80;5,61;3,14;-510,00;29,75;14,55;512,60;514,58;59,94;-127,50;7,44;128,15;128,64;1,00;-0,99;-0,99;
2.9.2015 15:45;000,0;196,0;000,0;011,3;000,0;000,0;15363;2056617;10;115670;424;2955;0;0;0;0;0;0;0;;-169,25;-162,50;-140,25;20,75;-7,25;13,00;14346,00;13514,00;11706,00;11,90;12,05;12,04;;170,50;162,75;140,75;nan;5,36;nan;-472,00;26,50;nan;474,40;476,22;NaN;-118,00;6,62;118,60;119,06;1,00;-0,99;-0,99;
2.9.2015 16:00;000,0;181,2;000,0;010,0;000,0;000,0;15363;2056662;10;115673;424;2955;0;0;0;0;0;0;0;;-154,00;-148,00;-127,75;18,25;-6,75;11,25;14406,00;13571,00;11777,00;10,77;10,92;10,91;;155,00;148,25;128,50;nan;5,34;8,10;-429,75;22,75;nan;431,90;433,55;NaN;-107,44;5,69;107,98;108,39;1,00;-1,00;-0,99;
2.9.2015 16:15;000,0;163,9;000,0;008,6;000,0;000,0;15363;2056703;10;115675;424;2955;0;0;0;0;0;0;0;;-138,75;-134,00;-115,50;16,50;-6,25;9,75;14384,00;13599,00;11773,00;9,73;9,87;9,86;;139,75;134,00;116,00;2,50;nan;4,55;-388,25;20,00;nan;390,19;391,67;NaN;-97,06;5,00;97,55;97,92;1,00;-1,00;-0,99;
2.9.2015 16:30;000,0;145,7;000,0;007,3;000,0;000,0;15363;2056739;10;115677;424;2955;0;0;0;0;0;0;0;;-121,50;-117,25;-101,00;14,00;-5,75;8,25;14401,00;13601,00;11790,00;8,51;8,64;8,62;;122,50;117,25;101,50;6,93;nan;5,76;-340,00;16,50;nan;341,59;342,88;NaN;-85,00;4,12;85,40;85,72;1,00;-1,00;-0,99;
2.9.2015 16:45;000,0;126,9;000,0;005,9;000,0;000,0;15363;2056771;10;115678;424;2955;0;0;0;0;0;0;0;;-105,75;-102,00;-88,00;11,50;-5,50;6,75;14424,00;13617,00;11796,00;7,39;7,51;7,50;;106,50;102,25;88,50;5,19;4,56;6,53;-296,00;13,00;16,29;297,32;298,48;32,21;-74,00;3,25;74,33;74,62;1,00;-1,00;-0,99;
2.9.2015 17:00;000,0;107,0;000,0;004,6;000,0;000,0;15363;2056798;10;115679;424;2955;0;0;0;0;0;0;0;;-86,75;-83,50;-72,00;9,25;-4,75;5,50;14231,00;13392,00;11614,00;6,14;6,25;6,24;;87,25;83,50;72,25;1,20;nan;2,41;-242,50;10,00;nan;243,48;244,45;NaN;-60,62;2,50;60,87;61,11;1,00;-1,00;-0,99;
2.9.2015 17:15;000,0;087,2;000,0;003,4;000,0;000,0;15363;2056819;10;115680;424;2955;0;0;0;0;0;0;0;;-69,00;-67,00;-57,75;7,00;-3,75;3,75;14325,00;13551,00;11717,00;4,85;4,96;4,96;;69,25;67,25;58,00;nan;4,42;3,86;-194,00;7,00;nan;194,81;195,61;NaN;-48,50;1,75;48,70;48,90;1,00;-1,00;-0,99;
2.9.2015 17:30;000,0;068,7;000,0;003,2;000,0;000,0;15363;2056837;10;115681;424;2955;0;0;0;0;0;0;0;;-53,50;-52,00;-44,75;5,75;-2,50;3,25;14314,00;13504,00;11687,00;3,76;3,86;3,84;;53,75;52,00;44,75;nan;nan;nan;-150,25;6,50;nan;150,89;151,51;NaN;-37,56;1,62;37,72;37,88;1,00;-1,00;-0,99;
2.9.2015 17:45;000,0;051,0;000,0;002,1;000,0;000,0;15363;2056849;10;115682;424;2955;0;0;0;0;0;0;0;;-37,50;-36,50;-31,25;3,75;-2,00;2,00;14283,00;13486,00;11667,00;2,64;2,71;2,70;;37,75;36,50;31,50;2,18;nan;3,42;-105,50;3,75;nan;105,80;106,23;NaN;-26,38;0,94;26,45;26,56;1,00;-1,00;-0,99;
2.9.2015 18:00;000,0;032,9;000,0;001,2;000,0;000,0;15363;2056857;10;115682;424;2955;0;0;0;0;0;0;0;;-24,00;-24,25;-20,75;2,25;-1,00;0,75;14259,00;13530,00;11687,00;1,70;1,80;1,78;;24,00;24,25;20,75;nan;nan;nan;-69,00;2,00;nan;69,39;69,73;NaN;-17,25;0,50;17,35;17,43;1,00;-0,99;-0,99;
2.9.2015 18:15;000,0;022,1;000,0;000,6;000,0;000,0;15363;2056863;10;115682;424;2955;0;0;0;0;0;0;0;;-15,00;-15,00;-13,00;1,25;0,00;0,00;14317,00;13567,00;11711,00;1,06;1,12;1,12;;15,00;15,00;13,00;nan;0,00;0,00;-43,25;1,25;nan;43,46;43,69;NaN;-10,81;0,31;10,86;10,92;1,00;-1,00;-0,99;
2.9.2015 18:30;000,0;012,4;000,0;000,1;000,0;000,0;15363;2056866;10;115682;424;2955;0;0;0;0;0;0;0;;-5,50;-6,00;-5,25;0,00;0,00;0,00;14311,00;13622,00;11753,00;0,40;0,47;0,45;;5,50;6,25;5,25;0,00;1,75;0,00;-17,00;0,00;1,75;17,41;17,56;4,02;-4,25;0,00;4,35;4,39;1,00;-0,98;-0,97;
2.9.2015 18:45;000,0;004,7;000,0;000,0;000,0;000,0;15363;2056867;10;115682;424;2955;0;0;0;0;0;0;0;;-2,25;-3,25;-2,50;0,00;0,00;0,00;14306,00;13537,00;11710,00;0,19;0,25;0,24;;2,75;3,25;2,75;1,58;0,00;1,15;-8,25;0,00;2,73;9,01;9,15;2,88;-2,06;0,00;2,25;2,29;1,00;-0,92;-0,90;
2.9.2015 19:00;000,0;002,8;000,0;000,0;000,0;000,0;15363;2056868;10;115682;424;2955;0;0;0;0;0;0;0;;-1,25;-1,75;-1,25;0,00;0,00;0,00;14177,00;13538,00;11691,00;0,14;0,15;0,16;;1,75;2,00;1,75;1,22;0,97;1,22;-4,50;0,00;3,42;5,79;5,84;1,49;-1,12;0,00;1,45;1,46;1,00;-0,78;-0,77;
2.9.2015 19:15;000,2;000,5;000,0;000,0;000,0;000,0;15363;2056868;10;115682;424;2955;0;0;0;0;0;0;0;;1,00;0,00;0,50;0,00;0,00;0,00;14214,00;13548,00;11711,00;0,08;0,03;0,08;;1,00;0,00;0,75;0,00;0,00;0,56;1,75;0,00;0,56;2,51;2,69;1,97;0,44;0,00;0,63;0,67;1,00;0,70;0,65;
2.9.2015 19:30;000,7;000,0;000,0;000,0;000,0;000,0;15363;2056868;10;115682;424;2955;0;0;0;0;0;0;0;;1,00;0,00;0,50;0,00;0,00;0,00;14183,00;13491,00;11674,00;0,08;0,03;0,09;;1,00;0,00;0,75;0,00;0,00;0,56;1,75;0,00;0,56;2,57;2,76;2,06;0,44;0,00;0,64;0,69;1,00;0,68;0,63;
2.9.2015 19:45;000,7;000,0;000,0;000,0;000,0;000,0;15363;2056868;10;115682;424;2955;0;0;0;0;0;0;0;;1,00;0,00;0,50;0,00;0,00;0,00;14375,00;13597,00;11767,00;0,08;0,03;0,08;;1,00;0,00;0,75;0,00;0,00;0,56;1,75;0,00;0,56;2,49;2,70;1,97;0,44;0,00;0,62;0,67;1,00;0,70;0,65;
2.9.2015 20:00;000,8;000,0;000,0;000,0;000,0;000,0;15363;2056868;10;115682;424;2955;0;0;0;0;0;0;0;;1,00;0,00;0,50;0,00;0,00;0,00;14314,00;13581,00;11747,00;0,08;0,03;0,08;;1,00;0,00;0,75;0,00;0,00;0,56;1,75;0,00;0,56;2,52;2,70;1,98;0,44;0,00;0,63;0,68;1,00;0,69;0,65;
2.9.2015 20:15;000,7;000,0;000,0;000,0;000,0;000,0;15363;2056868;10;115682;424;2955;0;0;0;0;0;0;0;;1,00;0,00;0,50;0,00;0,00;0,00;14329,00;13632,00;11777,00;0,08;0,03;0,08;;1,00;0,00;0,75;0,00;0,00;0,56;1,75;0,00;0,56;2,53;2,71;1,99;0,44;0,00;0,63;0,68;1,00;0,69;0,65;
2.9.2015 20:30;000,8;000,0;000,0;000,0;000,0;000,0;15364;2056868;10;115682;424;2955;0;0;0;0;0;0;0;;1,00;0,00;0,50;0,00;0,00;0,00;14313,00;13608,00;11756,00;0,08;0,03;0,08;;1,00;0,00;0,75;0,00;0,00;0,56;1,75;0,00;0,56;2,52;2,71;1,99;0,44;0,00;0,63;0,68;1,00;0,69;0,65;
2.9.2015 20:45;000,7;000,0;000,0;000,0;000,0;000,0;15364;2056868;10;115682;424;2955;0;0;0;0;0;0;0;;1,00;0,00;0,50;0,00;0,00;0,00;14146,00;13461,00;11628,00;0,08;0,03;0,09;;1,00;0,00;0,75;0,00;0,00;0,56;1,75;0,00;0,56;2,56;2,75;2,05;0,44;0,00;0,64;0,69;1,00;0,68;0,64;
2.9.2015 21:00;000,7;000,0;000,0;000,0;000,0;000,0;15364;2056868;10;115682;424;2955;0;0;0;0;0;0;0;;1,00;0,00;0,50;0,00;0,00;0,00;14171,00;13466,00;11642,00;0,08;0,03;0,08;;1,00;0,00;0,75;0,00;0,00;0,56;1,75;0,00;0,56;2,50;2,68;1,95;0,44;0,00;0,62;0,67;1,00;0,70;0,65;
2.9.2015 21:15;000,7;000,0;000,0;000,0;000,0;000,0;15364;2056868;10;115682;424;2955;0;0;0;0;0;0;0;;1,00;0,00;0,50;0,00;0,00;0,00;14297,00;13543,00;11710,00;0,08;0,03;0,08;;1,00;0,00;0,75;0,00;0,00;0,56;1,75;0,00;0,56;2,51;2,70;1,98;0,44;0,00;0,63;0,67;1,00;0,70;0,65;
2.9.2015 21:30;000,8;000,0;000,0;000,0;000,0;000,0;15364;2056868;10;115682;424;2955;0;0;0;0;0;0;0;;1,00;0,00;0,50;0,00;0,00;0,00;14279,00;13618,00;11750,00;0,08;0,03;0,08;;1,00;0,00;0,75;0,00;0,00;0,56;1,75;0,00;0,56;2,52;2,70;1,98;0,44;0,00;0,63;0,68;1,00;0,69;0,65;
2.9.2015 21:45;000,7;000,0;000,0;000,0;000,0;000,0;15364;2056868;10;115682;424;2955;0;0;0;0;0;0;0;;1,00;0,00;0,50;0,00;0,00;0,00;14274,00;13650,00;11771,00;0,08;0,03;0,08;;1,00;0,00;0,75;0,00;0,00;0,56;1,75;0,00;0,56;2,52;2,71;1,99;0,44;0,00;0,63;0,68;1,00;0,69;0,65;
2.9.2015 22:00;000,8;000,0;000,0;000,0;000,0;000,0;15365;2056868;10;115682;424;2955;0;0;0;0;0;0;0;;1,00;0,00;0,50;0,00;0,00;0,00;14221,00;13612,00;11733,00;0,08;0,03;0,08;;1,00;0,00;0,75;0,00;0,00;0,56;1,75;0,00;0,56;2,51;2,70;1,98;0,44;0,00;0,63;0,67;1,00;0,70;0,65;
2.9.2015 22:15;000,7;000,0;000,0;000,0;000,0;000,0;15365;2056868;10;115682;424;2955;0;0;0;0;0;0;0;;1,00;0,00;0,50;0,00;0,00;0,00;14205,00;13547,00;11688,00;0,08;0,03;0,09;;1,00;0,00;0,75;0,00;0,00;0,56;1,75;0,00;0,56;2,57;2,77;2,07;0,44;0,00;0,64;0,69;1,00;0,68;0,63;
2.9.2015 22:30;000,7;000,0;000,0;000,0;000,0;000,0;15365;2056868;10;115682;424;2955;0;0;0;0;0;0;0;;1,00;0,00;0,50;0,00;0,00;0,00;14219,00;13531,00;11676,00;0,08;0,03;0,08;;1,00;0,00;0,75;0,00;0,00;0,56;1,75;0,00;0,56;2,51;2,69;1,96;0,44;0,00;0,63;0,67;1,00;0,70;0,65;
2.9.2015 22:45;000,7;000,0;000,0;000,0;000,0;000,0;15365;2056868;10;115682;424;2955;0;0;0;0;0;0;0;;1,00;0,00;0,50;0,00;0,00;0,00;14221,00;13599,00;11741,00;0,08;0,03;0,09;;1,00;0,00;1,00;0,00;0,00;0,87;1,75;0,00;0,87;2,54;2,74;1,92;0,44;0,00;0,64;0,68;1,00;0,69;0,64;
2.9.2015 23:00;000,8;000,0;000,0;000,0;000,0;000,0;15365;2056868;10;115682;424;2955;0;0;0;0;0;0;0;;1,00;0,00;0,50;0,00;0,00;0,00;14321,00;13610,00;11768,00;0,08;0,03;0,08;;1,00;0,00;0,75;0,00;0,00;0,56;1,75;0,00;0,56;2,52;2,71;1,99;0,44;0,00;0,63;0,68;1,00;0,69;0,65;
2.9.2015 23:15;000,7;000,0;000,0;000,0;000,0;000,0;15366;2056868;10;115682;424;2955;0;0;0;0;0;0;0;;1,00;0,00;0,75;0,00;0,00;0,00;14331,00;13649,00;11795,00;0,08;0,03;0,08;;1,00;0,00;0,75;0,00;0,00;0,00;1,75;0,00;0,00;2,53;2,71;2,07;0,44;0,00;0,63;0,68;1,00;0,69;0,64;
2.9.2015 23:30;000,7;000,0;000,0;000,0;000,0;000,0;15366;2056868;10;115682;424;2955;0;0;0;0;0;0;0;;1,00;0,00;0,50;0,00;0,00;0,00;14285,00;13645,00;11782,00;0,08;0,03;0,08;;1,00;0,00;0,75;0,00;0,00;0,56;1,75;0,00;0,56;2,52;2,71;1,99;0,44;0,00;0,63;0,68;1,00;0,69;0,65;
2.9.2015 23:45;000,8;000,0;000,0;000,0;000,0;000,0;15366;2056868;10;115682;424;2955;0;0;0;0;0;0;0;;1,00;0,00;0,50;0,00;0,00;0,00;14266,00;13662,00;11788,00;0,08;0,03;0,08;;1,00;0,00;0,75;0,00;0,00;0,56;1,75;0,00;0,56;2,52;2,71;1,99;0,44;0,00;0,63;0,68;1,00;0,69;0,65;
3.9.2015 00:00;000,7;000,0;000,0;000,0;000,0;000,0;15366;2056868;10;115682;424;2955;0;0;0;0;0;0;0;;1,00;0,00;0,50;0,00;0,00;0,00;14281,00;13608,00;11757,00;0,08;0,03;0,09;;1,00;0,00;0,75;0,00;0,00;0,56;1,75;0,00;0,56;2,55;2,74;2,04;0,44;0,00;0,64;0,69;1,00;0,69;0,64;
3.9.2015 00:15;000,8;000,0;000,0;000,0;000,0;000,0;15366;2056868;10;115682;424;2955;0;0;0;0;0;0;0;;1,00;0,00;0,50;0,00;0,00;0,00;14363,00;13658,00;11808,00;0,08;0,03;0,08;;1,00;0,00;0,75;0,00;0,00;0,56;1,75;0,00;0,56;2,53;2,72;2,00;0,44;0,00;0,63;0,68;1,00;0,69;0,64;
3.9.2015 00:30;000,7;000,0;000,0;000,0;000,0;000,0;15367;2056868;10;115682;424;2955;0;0;0;0;0;0;0;;1,00;0,00;0,50;0,00;0,00;0,00;14322,00;13688,00;11829,00;0,08;0,03;0,08;;1,00;0,00;0,75;0,00;0,00;0,56;1,75;0,00;0,56;2,53;2,72;2,00;0,44;0,00;0,63;0,68;1,00;0,69;0,64;
3.9.2015 00:45;000,7;000,0;000,0;000,0;000,0;000,0;15367;2056868;10;115682;424;2955;0;0;0;0;0;0;0;;1,00;0,00;0,75;0,00;0,00;0,00;14280,00;13640,00;11786,00;0,08;0,03;0,09;;1,00;0,00;1,00;0,00;0,00;0,66;1,75;0,00;0,66;2,55;2,75;2,01;0,44;0,00;0,64;0,69;1,00;0,69;0,64;
3.9.2015 01:00;000,8;000,0;000,0;000,0;000,0;000,0;15367;2056868;10;115682;424;2955;0;0;0;0;0;0;0;;1,00;0,00;0,50;0,00;0,00;0,00;14342,00;13667,00;11808,00;0,08;0,03;0,08;;1,00;0,00;0,75;0,00;0,00;0,56;1,75;0,00;0,56;2,53;2,72;2,00;0,44;0,00;0,63;0,68;1,00;0,69;0,64;
3.9.2015 01:15;000,7;000,0;000,0;000,0;000,0;000,0;15367;2056868;10;115682;424;2955;0;0;0;0;0;0;0;;1,00;0,00;0,75;0,00;0,00;0,00;14334,00;13684,00;11826,00;0,08;0,03;0,09;;1,00;0,00;1,00;0,00;0,00;0,66;1,75;0,00;0,66;2,56;2,76;2,03;0,44;0,00;0,64;0,69;1,00;0,68;0,63;
3.9.2015 01:30;000,7;000,0;000,0;000,0;000,0;000,0;15367;2056868;10;115682;424;2955;0;0;0;0;0;0;0;;1,00;0,00;0,50;0,00;0,00;0,00;14117,00;13452,00;11637,00;0,08;0,03;0,09;;1,00;0,00;0,75;0,00;0,00;0,56;1,75;0,00;0,56;2,56;2,75;2,05;0,44;0,00;0,64;0,69;1,00;0,68;0,64;
3.9.2015 01:45;000,8;000,0;000,0;000,0;000,0;000,0;15367;2056868;10;115682;424;2955;0;0;0;0;0;0;0;;1,00;0,00;0,50;0,00;0,00;0,00;14150,00;13495,00;11675,00;0,08;0,03;0,08;;1,00;0,00;0,75;0,00;0,00;0,56;1,75;0,00;0,56;2,50;2,68;1,95;0,44;0,00;0,62;0,67;1,00;0,70;0,65;
3.9.2015 02:00;000,7;000,0;000,0;000,0;000,0;000,0;15368;2056868;10;115682;424;2955;0;0;0;0;0;0;0;;1,00;0,00;0,50;0,00;0,00;0,00;14207,00;13497,00;11688,00;0,08;0,03;0,09;;1,00;0,00;0,75;0,00;0,00;0,56;1,75;0,00;0,56;2,53;2,73;2,02;0,44;0,00;0,63;0,68;1,00;0,69;0,64;
3.9.2015 02:15;000,7;000,0;000,0;000,0;000,0;000,0;15368;2056868;10;115682;424;2955;0;0;0;0;0;0;0;;1,00;0,00;0,50;0,00;0,00;0,00;14175,00;13452,00;11642,00;0,08;0,03;0,09;;1,00;0,00;0,75;0,00;0,00;0,56;1,75;0,00;0,56;2,53;2,72;2,00;0,44;0,00;0,63;0,68;1,00;0,69;0,64;
3.9.2015 02:30;000,8;000,0;000,0;000,0;000,0;000,0;15368;2056868;10;115682;424;2955;0;0;0;0;0;0;0;;1,00;0,00;0,50;0,00;0,00;0,00;14222,00;13550,00;11713,00;0,08;0,03;0,09;;1,00;0,00;1,00;0,00;0,00;0,87;1,75;0,00;0,87;2,54;2,73;1,91;0,44;0,00;0,63;0,68;1,00;0,69;0,64;
3.9.2015 02:45;000,7;000,0;000,0;000,0;000,0;000,0;15368;2056868;10;115682;424;2955;0;0;0;0;0;0;0;;1,00;0,00;0,50;0,00;0,00;0,00;14216,00;13553,00;11720,00;0,08;0,03;0,09;;1,00;0,00;0,75;0,00;0,00;0,56;1,75;0,00;0,56;2,54;2,73;2,02;0,44;0,00;0,63;0,68;1,00;0,69;0,64;
3.9.2015 03:00;000,7;000,0;000,0;000,0;000,0;000,0;15368;2056868;10;115682;424;2955;0;0;0;0;0;0;0;;1,00;0,00;0,50;0,00;0,00;0,00;14258,00;13536,00;11706,00;0,08;0,03;0,09;;1,00;0,00;0,75;0,00;0,00;0,56;1,75;0,00;0,56;2,54;2,73;2,03;0,44;0,00;0,63;0,68;1,00;0,69;0,64;
3.9.2015 03:15;000,8;000,0;000,0;000,0;000,0;000,0;15369;2056868;10;115682;424;2955;0;0;0;0;0;0;0;;1,00;0,00;0,50;0,00;0,00;0,00;14214,00;13558,00;11725,00;0,08;0,03;0,08;;1,00;0,00;0,75;0,00;0,00;0,56;1,75;0,00;0,56;2,51;2,69;1,97;0,44;0,00;0,63;0,67;1,00;0,70;0,65;
3.9.2015 03:30;000,7;000,0;000,0;000,0;000,0;000,0;15369;2056868;10;115682;424;2955;0;0;0;0;0;0;0;;1,00;0,00;0,50;0,00;0,00;0,00;14175,00;13484,00;11665,00;0,08;0,03;0,09;;1,00;0,00;0,75;0,00;0,00;0,56;1,75;0,00;0,56;2,53;2,72;2,01;0,44;0,00;0,63;0,68;1,00;0,69;0,64;
3.9.2015 03:45;000,7;000,0;000,0;000,0;000,0;000,0;15369;2056868;10;115682;424;2955;0;0;0;0;0;0;0;;1,00;0,00;0,50;0,00;0,00;0,00;14191,00;13520,00;11697,00;0,08;0,03;0,08;;1,00;0,00;0,75;0,00;0,00;0,56;1,75;0,00;0,56;2,50;2,69;1,96;0,44;0,00;0,63;0,67;1,00;0,70;0,65;
3.9.2015 04:00;000,7;000,0;000,0;000,0;000,0;000,0;15369;2056868;10;115682;424;2955;0;0;0;0;0;0;0;;1,00;0,00;0,50;0,00;0,00;0,00;14102,00;13447,00;11650,00;0,08;0,03;0,08;;1,00;0,00;0,75;0,00;0,00;0,56;1,75;0,00;0,56;2,49;2,67;1,94;0,44;0,00;0,62;0,67;1,00;0,70;0,65;
3.9.2015 04:15;000,8;000,0;000,0;000,0;000,0;000,0;15369;2056868;10;115682;424;2955;0;0;0;0;0;0;0;;1,00;0,00;0,50;0,00;0,00;0,00;14082,00;13416,00;11637,00;0,08;0,03;0,08;;1,00;0,00;0,75;0,00;0,00;0,56;1,75;0,00;0,56;2,49;2,67;1,94;0,44;0,00;0,62;0,67;1,00;0,70;0,66;
3.9.2015 04:30;000,7;000,0;000,0;000,0;000,0;000,0;15369;2056868;10;115682;424;2955;0;0;0;0;0;0;0;;1,00;0,00;0,50;0,00;0,00;0,00;14094,00;13410,00;11635,00;0,08;0,03;0,08;;1,00;0,00;0,75;0,00;0,00;0,56;1,75;0,00;0,56;2,49;2,67;1,94;0,44;0,00;0,62;0,67;1,00;0,70;0,66;
3.9.2015 04:45;000,7;000,0;000,0;000,0;000,0;000,0;15370;2056868;10;115682;424;2955;0;0;0;0;0;0;0;;1,00;0,00;0,50;0,00;0,00;0,00;14090,00;13414,00;11636,00;0,08;0,03;0,09;;1,00;0,00;0,75;0,00;0,00;0,56;1,75;0,00;0,56;2,52;2,71;1,99;0,44;0,00;0,63;0,68;1,00;0,70;0,65;
3.9.2015 05:00;000,7;000,0;000,0;000,0;000,0;000,0;15370;2056868;10;115682;424;2955;0;0;0;0;0;0;0;;1,00;0,00;0,50;0,00;0,00;0,00;14024,00;13382,00;11609,00;0,08;0,03;0,08;;1,00;0,00;0,75;0,00;0,00;0,56;1,75;0,00;0,56;2,48;2,66;1,92;0,44;0,00;0,62;0,67;1,00;0,71;0,66;
3.9.2015 05:15;000,7;000,0;000,0;000,0;000,0;000,0;15370;2056868;10;115682;424;2955;0;0;0;0;0;0;0;;1,00;0,00;0,50;0,00;0,00;0,00;14129,00;13397,00;11650,00;0,08;0,03;0,08;;1,00;0,00;0,75;0,00;0,00;0,56;1,75;0,00;0,56;2,49;2,67;1,94;0,44;0,00;0,62;0,67;1,00;0,70;0,65;
3.9.2015 05:30;000,7;000,0;000,0;000,0;000,0;000,0;15370;2056868;10;115682;424;2955;0;0;0;0;0;0;0;;1,00;0,00;0,50;0,00;0,00;0,00;14069,00;13368,00;11628,00;0,08;0,03;0,08;;1,00;0,00;0,75;0,00;0,00;0,56;1,75;0,00;0,56;2,48;2,66;1,93;0,44;0,00;0,62;0,67;1,00;0,70;0,66;
3.9.2015 05:45;000,8;000,0;000,0;000,0;000,0;000,0;15370;2056868;10;115682;424;2955;0;0;0;0;0;0;0;;1,00;0,00;0,50;0,00;0,00;0,00;14060,00;13362,00;11632,00;0,08;0,03;0,08;;1,00;0,00;0,75;0,00;0,00;0,56;1,75;0,00;0,56;2,48;2,66;1,93;0,44;0,00;0,62;0,67;1,00;0,70;0,66;
3.9.2015 06:00;000,7;000,0;000,0;000,0;000,0;000,0;15371;2056868;10;115682;424;2955;0;0;0;0;0;0;0;;1,00;0,00;0,50;0,00;0,00;0,00;14049,00;13396,00;11661,00;0,08;0,03;0,08;;1,00;0,00;0,75;0,00;0,00;0,56;1,75;0,00;0,56;2,49;2,67;1,93;0,44;0,00;0,62;0,67;1,00;0,70;0,66;
3.9.2015 06:15;000,7;000,0;000,0;000,0;000,0;000,0;15371;2056868;10;115682;424;2955;0;0;0;0;0;0;0;;1,00;0,00;0,50;0,00;0,00;0,00;14217,00;13517,00;11761,00;0,07;0,03;0,08;;1,00;0,00;0,75;0,00;0,00;0,56;1,75;0,00;0,56;2,48;2,66;1,92;0,44;0,00;0,62;0,66;1,00;0,71;0,66;
3.9.2015 06:30;000,5;001,0;000,0;000,0;000,1;000,1;15371;2056868;10;115682;424;2955;0;0;0;0;0;0;0;;-3,50;-4,00;-3,25;0,00;0,00;0,00;14158,00;13477,00;11731,00;0,28;0,31;0,31;;3,75;4,00;3,50;1,35;0,00;1,30;-11,00;0,00;2,65;11,72;11,79;3,33;-2,75;0,00;2,93;2,95;1,00;-0,94;-0,93;
3.9.2015 06:45;000,0;007,6;000,0;000,0;000,0;000,0;15371;2056870;10;115682;424;2955;0;0;0;0;0;0;0;;-9,00;-9,25;-7,75;0,00;0,00;0,00;14198,00;13513,00;11752,00;0,65;0,69;0,68;;9,25;9,25;8,00;2,14;0,00;1,98;-26,25;0,00;4,12;26,64;26,76;3,19;-6,56;0,00;6,66;6,69;1,00;-0,99;-0,98;
3.9.2015 07:00;000,0;013,0;000,0;000,1;000,0;000,0;15371;2056873;10;115682;424;2955;0;0;0;0;0;0;0;;-13,00;-13,00;-11,25;1,00;-0,75;0,00;14154,00;13476,00;11695,00;0,94;0,98;0,97;;13,25;13,00;11,25;2,36;nan;0,00;-37,50;0,00;nan;37,72;37,88;NaN;-9,38;0,00;9,43;9,47;1,00;-0,99;-0,99;
3.9.2015 07:15;000,0;024,5;000,0;000,5;000,0;000,0;15371;2056880;10;115682;424;2955;0;0;0;0;0;0;0;;-32,00;-31,25;-27,00;3,00;-1,75;1,50;14207,00;13504,00;11698,00;2,28;2,33;2,32;;32,25;31,25;27,00;2,66;nan;nan;-90,50;2,75;nan;90,83;91,17;NaN;-22,62;0,69;22,71;22,79;1,00;-1,00;-0,99;
3.9.2015 07:30;000,0;045,7;000,0;001,7;000,0;000,0;15371;2056891;10;115683;424;2955;0;0;0;0;0;0;0;;-48,75;-47,25;-40,75;5,25;-2,50;2,75;14216,00;13493,00;11687,00;3,46;3,52;3,50;;49,00;47,50;40,75;nan;4,18;nan;-137,00;5,25;nan;137,71;138,21;NaN;-34,25;1,31;34,43;34,55;1,00;-0,99;-0,99;
3.9.2015 07:45;000,0;073,7;000,0;003,5;000,0;000,0;15371;2056910;10;115683;424;2955;0;0;0;0;0;0;0;;-81,75;-79,75;-68,50;10,00;-3,00;5,25;14220,00;13520,00;11708,00;5,80;5,92;5,89;;82,50;80,00;68,75;4,82;5,56;2,60;-230,25;12,25;12,98;231,41;232,25;24,64;-57,56;3,06;57,85;58,06;1,00;-0,99;-0,99;
3.9.2015 08:00;000,0;086,6;000,0;004,4;000,0;000,0;15371;2056931;10;115685;424;2955;0;0;0;0;0;0;0;;-75,25;-73,25;-62,75;9,00;-3,25;4,75;14325,00;13667,00;11805,00;5,30;5,38;5,35;;75,75;73,25;63,00;nan;nan;2,98;-211,50;10,50;nan;212,57;213,31;NaN;-52,88;2,62;53,14;53,33;1,00;-0,99;-0,99;
3.9.2015 08:15;000,0;095,1;000,0;005,2;000,0;000,0;15371;2056955;10;115686;424;2955;0;0;0;0;0;0;0;;-112,00;-108,25;-93,00;14,50;-3,75;9,00;14183,00;13397,00;11612,00;7,98;8,09;8,07;;113,00;108,25;93,50;3,84;nan;3,50;-313,50;19,75;nan;315,27;316,44;NaN;-78,38;4,94;78,82;79,11;1,00;-0,99;-0,99;
3.9.2015 08:30;000,0;134,1;000,0;008,2;000,0;000,0;15371;2056989;10;115688;424;2955;0;0;0;0;0;0;0;;-92,75;-88,75;-77,00;9,75;-5,00;6,00;14144,00;13368,00;11598,00;6,60;6,65;6,67;;93,25;88,75;77,25;nan;nan;1,60;-258,75;10,50;nan;259,67;260,62;NaN;-64,69;2,62;64,92;65,16;1,00;-1,00;-0,99;
3.9.2015 08:45;000,0;117,7;000,0;005,3;000,0;000,0;15371;2057018;10;115689;424;2955;0;0;0;0;0;0;0;;-139,75;-134,25;-115,75;16,50;-6,50;10,00;14118,00;13370,00;11576,00;9,98;10,06;10,06;;140,75;134,25;116,25;2,87;nan;4,00;-390,00;20,25;nan;391,89;393,29;NaN;-97,50;5,06;97,97;98,32;1,00;-1,00;-0,99;
3.9.2015 09:00;000,0;109,5;000,0;005,2;000,0;000,0;15371;2057045;10;115691;424;2955;0;0;0;0;0;0;0;;-77,00;-74,50;-64,25;9,25;-3,50;5,00;14109,00;13395,00;11605,00;5,51;5,58;5,56;;77,75;74,75;64,50;5,52;5,01;2,68;-216,00;10,75;13,21;217,01;217,77;21,81;-54,00;2,69;54,25;54,44;1,00;-1,00;-0,99;
3.9.2015 09:15;000,0;105,0;000,0;006,2;000,0;000,0;15371;2057072;10;115692;424;2955;0;0;0;0;0;0;0;;-48,00;-46,00;-40,00;4,75;-2,50;2,75;14168,00;13331,00;11584,00;3,42;3,47;3,47;;48,25;46,25;40,00;1,22;4,10;nan;-134,25;5,00;nan;134,90;135,43;NaN;-33,56;1,25;33,73;33,86;1,00;-1,00;-0,99;
3.9.2015 09:30;000,0;170,7;000,0;010,0;000,0;000,0;15371;2057115;10;115695;424;2955;0;0;0;0;0;0;0;;-185,00;-177,75;-153,50;23,50;-7,00;14,50;14073,00;13281,00;11518,00;13,27;13,41;13,40;;186,75;178,00;154,25;9,92;6,32;4,53;-516,75;31,25;20,77;519,29;521,19;56,61;-129,19;7,81;129,82;130,30;1,00;-1,00;-0,99;
3.9.2015 09:45;000,0;214,5;000,0;013,2;000,0;000,0;15371;2057168;10;115698;424;2955;0;0;0;0;0;0;0;;-197,00;-189,00;-163,25;25,00;-7,25;15,50;14333,00;13516,00;11728,00;13,86;14,01;14,01;;198,75;189,25;164,25;8,22;6,48;9,34;-549,50;33,50;24,04;552,30;554,34;60,38;-137,38;8,38;138,08;138,59;1,00;-0,99;-0,99;
3.9.2015 10:00;000,0;226,6;000,0;014,0;000,0;000,0;15371;2057225;10;115701;424;2955;0;0;0;0;0;0;0;;-210,25;-202,25;-174,50;27,75;-7,25;16,75;14340,00;13538,00;11750,00;14,81;14,96;14,94;;212,25;202,50;175,50;8,66;6,97;8,33;-587,50;37,25;23,96;590,44;592,58;63,47;-146,88;9,31;147,61;148,14;1,00;-1,00;-0,99;
3.9.2015 10:15;000,0;218,5;000,0;013,6;000,0;000,0;15371;2057280;10;115705;424;2955;0;0;0;0;0;0;0;;-219,00;-210,00;-181,25;28,75;-7,75;18,25;14350,00;13525,00;11740,00;15,41;15,56;15,53;;221,00;210,25;182,25;7,31;6,71;5,52;-610,50;39,25;19,54;613,79;616,02;69,67;-152,62;9,81;153,45;154,01;1,00;-0,99;-0,99;
3.9.2015 10:30;000,0;231,9;000,0;014,8;000,0;000,0;15371;2057338;10;115709;424;2955;0;0;0;0;0;0;0;;-226,25;-217,00;-187,25;30,25;-7,75;19,00;14340,00;13520,00;11732,00;15,92;16,08;16,05;;228,25;217,25;188,25;nan;6,96;3,81;-630,75;41,50;nan;634,13;636,42;NaN;-157,69;10,38;158,53;159,11;1,00;-0,99;-0,99;
3.9.2015 10:45;000,0;260,5;000,0;017,6;000,0;000,0;15371;2057403;10;115713;424;2955;0;0;0;0;0;0;0;;-263,25;-252,75;-217,50;36,75;-8,00;23,75;14330,00;13501,00;11714,00;18,56;18,74;18,68;;266,00;253,00;218,75;10,24;7,90;nan;-733,50;52,50;nan;737,82;740,47;NaN;-183,38;13,12;184,46;185,12;1,00;-0,99;-0,99;
3.9.2015 11:00;000,0;168,7;000,0;009,6;000,0;000,0;15371;2057445;10;115715;424;2955;0;0;0;0;0;0;0;;-137,25;-131,25;-113,75;16,00;-6,75;9,75;14296,00;13477,00;11709,00;9,69;9,77;9,76;;138,25;131,50;114,25;4,42;4,49;4,35;-382,75;19,25;13,25;384,47;385,85;42,85;-95,69;4,81;96,12;96,46;1,00;-1,00;-0,99;
3.9.2015 11:15;000,0;214,4;000,0;013,6;000,0;000,0;15371;2057499;10;115719;424;2955;0;0;0;0;0;0;0;;-273,75;-261,25;-225,50;38,00;-8,75;25,25;14342,00;13421,00;11686,00;19,28;19,49;19,44;;276,50;261,50;227,00;8,32;7,36;6,42;-760,75;54,50;22,09;765,31;768,16;88,74;-190,19;13,62;191,33;192,04;1,00;-0,99;-0,99;
3.9.2015 11:30;000,0;129,7;000,0;007,7;000,0;000,0;15371;2057531;10;115721;424;2955;0;0;0;0;0;0;0;;-166,00;-159,50;-138,00;21,25;-6,00;13,25;14287,00;13439,00;11683,00;11,95;12,12;12,10;;167,25;159,75;138,75;nan;6,62;5,66;-463,75;28,50;nan;475,07;476,87;NaN;-115,94;7,12;118,77;119,22;1,00;-0,98;-0,97;
3.9.2015 11:45;000,0;255,2;000,0;017,3;000,0;000,0;15371;2057595;10;115725;424;2955;0;0;0;0;0;0;0;;-206,00;-196,25;-170,00;26,50;-8,00;17,25;14269,00;13402,00;11655,00;14,56;14,67;14,67;;207,75;196,50;170,75;4,67;5,85;nan;-572,50;35,75;nan;575,42;577,52;NaN;-143,12;8,94;143,85;144,38;1,00;-0,99;-0,99;
3.9.2015 12:00;000,0;287,4;000,0;020,3;000,0;000,0;15371;2057667;10;115730;424;2955;0;0;0;0;0;0;0;;-272,00;-261,00;-225,25;37,75;-8,00;24,50;14269,00;13418,00;11667,00;19,26;19,47;19,43;;274,75;261,25;226,50;8,86;8,16;nan;-758,25;54,25;nan;762,82;765,61;NaN;-189,56;13,56;190,71;191,40;1,00;-0,99;-0,99;
3.9.2015 12:15;000,0;299,2;000,0;021,4;000,0;000,0;15371;2057742;10;115735;424;2955;0;0;0;0;0;0;0;;-267,00;-254,50;-219,75;37,00;-8,50;25,00;14250,00;13370,00;11630,00;18,93;19,07;19,04;;269,75;255,00;221,25;10,35;13,51;6,04;-741,75;53,25;29,90;746,25;748,95;83,73;-185,44;13,31;186,56;187,24;1,00;-0,99;-0,99;
3.9.2015 12:30;000,0;304,8;000,0;022,0;000,0;000,0;15371;2057818;10;115741;424;2955;0;0;0;0;0;0;0;;-278,00;-267,75;-230,50;39,00;-7,75;24,50;14237,00;13428,00;11660,00;19,74;19,96;19,90;;281,00;268,00;232,00;12,49;8,60;9,67;-776,75;55,75;30,75;781,12;783,93;84,54;-194,19;13,94;195,28;195,98;1,00;-0,99;-0,99;
3.9.2015 12:45;000,0;178,3;000,0;011,3;000,0;000,0;15371;2057862;10;115744;424;2955;0;0;0;0;0;0;0;;-112,00;-108,00;-93,00;15,75;-3,00;10,00;14209,00;13372,00;11625,00;8,09;8,19;8,16;;114,75;109,50;94,75;19,38;17,81;15,12;-313,25;22,75;52,31;319,32;320,48;36,49;-78,31;5,69;79,83;80,12;1,00;-0,98;-0,98;
3.9.2015 13:00;000,0;291,4;000,0;020,6;000,0;000,0;15371;2057935;10;115749;424;2955;0;0;0;0;0;0;0;;-246,50;-237,25;-204,50;33,50;-7,50;21,25;14232,00;13422,00;11650,00;17,47;17,67;17,63;;248,75;237,50;205,25;nan;7,90;nan;-688,50;47,25;nan;691,25;693,77;NaN;-172,12;11,81;172,81;173,44;1,00;-1,00;-0,99;
3.9.2015 13:15;000,0;252,7;000,0;016,9;000,0;000,0;15371;2057998;10;115753;424;2955;0;0;0;0;0;0;0;;-234,00;-224,25;-193,50;31,25;-7,75;20,50;14292,00;13448,00;11675,00;16,54;16,69;16,67;;236,25;224,50;194,50;9,03;7,22;nan;-652,00;44,00;nan;655,55;657,96;NaN;-163,00;11,00;163,89;164,49;1,00;-0,99;-0,99;
3.9.2015 13:30;000,0;265,1;000,0;018,1;000,0;000,0;15371;2058065;10;115758;424;2955;0;0;0;0;0;0;0;;-259,00;-248,25;-214,00;36,00;-8,00;23,25;14293,00;13408,00;11659,00;18,31;18,53;18,47;;261,50;248,25;215,25;2,29;nan;nan;-721,25;51,00;nan;725,49;728,20;NaN;-180,31;12,75;181,37;182,05;1,00;-0,99;-0,99;
3.9.2015 13:45;000,0;284,8;000,0;020,0;000,0;000,0;15371;2058136;10;115763;424;2955;0;0;0;0;0;0;0;;-247,75;-238,00;-205,00;34,00;-7,75;21,50;14333,00;13491,00;11701,00;17,46;17,67;17,64;;250,00;238,25;206,25;nan;7,68;7,20;-691,00;47,75;nan;695,01;697,63;NaN;-172,75;11,94;173,75;174,41;1,00;-0,99;-0,99;
3.9.2015 14:00;000,0;227,1;000,0;014,4;000,0;000,0;15371;2058193;10;115766;424;2955;0;0;0;0;0;0;0;;-259,50;-249,75;-215,00;35,75;-7,75;22,50;14344,00;13515,00;11715,00;18,28;18,50;18,47;;262,00;250,00;216,25;5,07;8,05;5,73;-724,50;50,50;18,85;728,61;731,35;84,06;-181,12;12,62;182,15;182,84;1,00;-0,99;-0,99;
3.9.2015 14:15;000,0;268,7;000,0;018,2;000,0;000,0;15371;2058260;10;115771;424;2955;0;0;0;0;0;0;0;;-193,75;-185,75;-160,25;25,00;-7,50;15,75;14360,00;13465,00;11700,00;13,62;13,82;13,78;;195,50;186,00;161,25;7,50;6,06;8,57;-540,00;33,00;22,12;542,83;544,92;61,36;-135,00;8,25;135,71;136,23;1,00;-0,99;-0,99;
3.9.2015 14:30;000,0;250,4;000,0;016,7;000,0;000,0;15371;2058322;10;115775;424;2955;0;0;0;0;0;0;0;;-208,25;-200,00;-172,50;27,25;-7,50;16,75;14359,00;13513,00;11729,00;14,64;14,82;14,80;;210,00;200,25;173,50;nan;6,62;8,09;-581,00;36,50;nan;584,09;586,30;NaN;-145,25;9,12;146,02;146,58;1,00;-0,99;-0,99;
3.9.2015 14:45;000,0;250,7;000,0;016,5;000,0;000,0;15371;2058385;10;115779;424;2955;0;0;0;0;0;0;0;;-222,25;-213,75;-184,25;29,50;-7,50;18,50;14343,00;13518,00;11723,00;15,65;15,84;15,81;;224,25;214,00;185,25;4,77;7,12;5,22;-620,50;40,75;17,11;623,87;626,19;71,70;-155,12;10,19;155,97;156,55;1,00;-0,99;-0,99;
3.9.2015 15:00;000,0;238,5;000,0;015,3;000,0;000,0;15371;2058445;10;115783;424;2955;0;0;0;0;0;0;0;;-206,75;-198,00;-170,75;26,75;-8,00;17,50;14397,00;13503,00;11729,00;14,50;14,69;14,66;;208,75;198,25;171,75;10,74;5,92;6,02;-576,00;36,00;22,69;579,03;581,26;65,36;-144,00;9,00;144,76;145,31;1,00;-0,99;-0,99;
3.9.2015 15:15;000,0;227,7;000,0;014,2;000,0;000,0;15371;2058502;10;115786;424;2955;0;0;0;0;0;0;0;;-205,00;-197,00;-170,00;26,50;-7,50;16,75;14373,00;13535,00;11746,00;14,42;14,60;14,58;;207,00;197,25;171,25;11,03;6,50;12,08;-572,50;36,00;29,62;576,06;578,22;66,43;-143,12;9,00;144,02;144,56;1,00;-0,99;-0,99;
3.9.2015 15:30;000,0;191,3;000,0;011,4;000,0;000,0;15371;2058549;10;115789;424;2955;0;0;0;0;0;0;0;;-43,00;-42,50;-36,50;4,50;-2,00;2,00;14419,00;13579,00;11787,00;3,01;3,14;3,12;;43,25;42,50;36,75;1,15;nan;3,78;-122,25;4,50;nan;122,89;123,44;NaN;-30,56;1,12;30,72;30,86;1,00;-0,99;-0,99;
3.9.2015 15:45;000,0;088,3;000,0;004,4;000,0;000,0;15371;2058571;10;115790;424;2955;0;0;0;0;0;0;0;;-80,50;-76,25;-66,25;6,00;-6,75;3,25;14461,00;13569,00;11783,00;5,59;5,65;5,64;;80,75;76,50;66,50;2,08;nan;4,76;-223,25;2,50;nan;223,94;224,80;NaN;-55,81;0,62;55,99;56,20;1,00;-1,00;-0,99;
3.9.2015 16:00;000,0;170,5;000,0;009,3;000,0;000,1;15371;2058614;10;115793;424;2955;0;0;0;0;0;0;0;;-138,50;-133,25;-114,50;18,75;-4,50;11,75;14471,00;13609,00;11816,00;9,66;9,81;9,75;;139,75;133,50;115,00;nan;6,81;nan;-386,25;26,25;nan;388,57;390,00;NaN;-96,56;6,56;97,14;97,50;1,00;-0,99;-0,99;
3.9.2015 16:15;000,0;107,5;000,0;005,0;000,0;000,0;15371;2058640;10;115794;424;2955;0;0;0;0;0;0;0;;-41,75;-41,00;-35,25;4,25;-2,00;2,00;14442,00;13591,00;11791,00;2,91;3,04;3,01;;42,00;41,25;35,50;1,70;4,07;3,70;-118,25;4,25;9,46;118,90;119,44;13,23;-29,56;1,06;29,72;29,86;1,00;-0,99;-0,99;
3.9.2015 16:30;000,0;087,5;000,0;004,8;000,0;000,0;15371;2058662;10;115795;424;2955;0;0;0;0;0;0;0;;-85,75;-82,25;-71,00;10,25;-4,00;6,25;14409,00;13585,00;11781,00;6,00;6,07;6,06;;86,50;82,50;71,25;4,91;5,02;nan;-239,25;12,50;nan;240,35;241,23;NaN;-59,81;3,12;60,09;60,31;1,00;-1,00;-0,99;
3.9.2015 16:45;000,0;072,3;000,0;003,5;000,0;000,0;15371;2058680;10;115796;424;2955;0;0;0;0;0;0;0;;-38,00;-37,00;-32,00;3,75;-2,00;2,00;14420,00;13570,00;11781,00;2,66;2,74;2,73;;38,25;37,00;32,00;2,24;nan;nan;-107,25;3,75;nan;107,60;108,06;NaN;-26,81;0,94;26,90;27,02;1,00;-1,00;-0,99;
3.9.2015 17:00;000,0;056,4;000,0;002,3;000,0;000,0;15371;2058694;10;115797;424;2955;0;0;0;0;0;0;0;;-61,50;-59,25;-51,25;6,75;-3,00;3,75;14376,00;13649,00;11819,00;4,30;4,36;4,35;;61,75;59,50;51,25;nan;4,55;nan;-172,00;7,50;nan;172,84;173,46;NaN;-43,00;1,88;43,21;43,36;1,00;-1,00;-0,99;
3.9.2015 17:15;000,0;054,9;000,0;002,2;000,0;000,0;15371;2058708;10;115797;424;2955;0;0;0;0;0;0;0;;-43,00;-42,25;-36,25;4,50;-2,00;2,25;14141,00;13395,00;11596,00;3,07;3,17;3,14;;43,25;42,25;36,25;1,15;nan;nan;-121,75;4,50;nan;122,34;122,84;NaN;-30,44;1,12;30,59;30,71;1,00;-1,00;-0,99;
3.9.2015 17:30;000,0;064,9;000,0;003,0;000,0;000,0;15371;2058724;10;115798;424;2955;0;0;0;0;0;0;0;;-51,75;-51,00;-43,50;5,75;-2,50;2,75;14359,00;13628,00;11803,00;3,64;3,75;3,71;;52,25;51,00;43,75;4,35;nan;3,77;-146,50;6,25;nan;147,26;147,82;NaN;-36,62;1,56;36,81;36,95;1,00;-0,99;-0,99;
3.9.2015 17:45;000,0;035,8;000,0;001,1;000,0;000,0;15371;2058733;10;115798;424;2955;0;0;0;0;0;0;0;;-20,25;-19,75;-17,00;1,75;-1,25;0,75;14397,00;13618,00;11785,00;1,42;1,47;1,45;;20,25;19,75;17,00;nan;nan;nan;-57,25;1,00;nan;57,48;57,71;NaN;-14,31;0,25;14,37;14,43;1,00;-1,00;-0,99;
3.9.2015 18:00;000,0;018,5;000,0;000,4;000,0;000,0;15371;2058738;10;115798;424;2955;0;0;0;0;0;0;0;;-8,75;-9,25;-8,00;0,00;0,00;0,00;14126,00;13428,00;11620,00;0,63;0,71;0,69;;8,75;9,50;8,00;0,00;2,17;0,00;-26,00;0,00;2,17;26,45;26,63;5,32;-6,50;0,00;6,61;6,66;1,00;-0,98;-0,98;
3.9.2015 18:15;000,0;006,4;000,0;000,0;000,0;000,0;15371;2058739;10;115798;424;2955;0;0;0;0;0;0;0;;-3,25;-3,75;-3,25;0,00;0,00;0,00;14145,00;13438,00;11637,00;0,26;0,30;0,30;;3,50;4,00;3,25;1,30;1,39;0,00;-10,50;0,00;2,69;11,10;11,21;2,84;-2,62;0,00;2,78;2,80;1,00;-0,95;-0,94;
3.9.2015 18:30;000,0;004,6;000,0;000,0;000,0;000,0;15371;2058740;10;115798;424;2955;0;0;0;0;0;0;0;;-3,75;-4,75;-4,00;0,00;0,00;0,00;14158,00;13422,00;11630,00;0,30;0,37;0,36;;4,00;4,75;4,00;1,39;0,00;0,00;-12,75;0,00;1,39;13,30;13,47;4,11;-3,19;0,00;3,32;3,37;1,00;-0,96;-0,95;
3.9.2015 18:45;000,0;005,5;000,0;000,0;000,0;000,0;15371;2058742;10;115798;424;2955;0;0;0;0;0;0;0;;-2,75;-3,25;-2,75;0,00;0,00;0,00;14150,00;13401,00;11613,00;0,23;0,26;0,26;;3,25;3,50;3,00;1,73;1,30;1,20;-9,00;0,00;4,23;9,86;9,94;NaN;-2,25;0,00;2,46;2,48;1,00;-0,91;-0,91;
3.9.2015 19:00;000,5;001,1;000,0;000,0;000,0;000,0;15371;2058742;10;115798;424;2955;0;0;0;0;0;0;0;;1,00;0,00;0,50;0,00;0,00;0,00;14281,00;13636,00;11793,00;0,08;0,03;0,08;;1,00;0,00;0,75;0,00;0,00;0,56;1,75;0,00;0,56;2,52;2,71;1,99;0,44;0,00;0,63;0,68;1,00;0,69;0,65;
3.9.2015 19:15;000,9;000,0;000,0;000,0;000,0;000,2;15371;2058742;10;115798;424;2955;0;0;0;0;0;0;0;;1,50;0,00;0,75;0,00;0,00;-0,75;14279,00;13558,00;11735,00;0,12;0,04;0,10;;1,50;0,00;1,00;0,00;0,00;nan;2,50;-0,75;nan;3,36;3,66;NaN;0,62;-0,19;0,84;0,92;0,96;0,75;0,68;
3.9.2015 19:30;000,8;000,0;000,0;000,0;000,0;000,0;15371;2058742;10;115798;424;2955;0;0;0;0;0;0;0;;1,00;0,00;0,50;0,00;0,00;0,00;14310,00;13610,00;11779,00;0,07;0,03;0,08;;1,00;0,00;0,75;0,00;0,00;0,56;1,75;0,00;0,56;2,49;2,67;1,94;0,44;0,00;0,62;0,67;1,00;0,70;0,66;
3.9.2015 19:45;000,7;000,0;000,0;000,0;000,0;000,0;15372;2058742;10;115798;424;2955;0;0;0;0;0;0;0;;1,00;0,00;0,50;0,00;0,00;0,00;14281,00;13493,00;11708,00;0,08;0,03;0,08;;1,00;0,00;0,75;0,00;0,00;0,56;1,75;0,00;0,56;2,51;2,69;1,97;0,44;0,00;0,63;0,67;1,00;0,70;0,65;
3.9.2015 20:00;000,9;000,0;000,0;000,0;000,0;000,2;15372;2058742;10;115798;424;2955;0;0;0;0;0;0;0;;1,50;0,00;0,75;0,00;0,00;-0,75;14267,00;13570,00;11750,00;0,12;0,04;0,10;;1,50;0,00;1,00;0,00;0,00;nan;2,50;-0,75;nan;3,36;3,66;NaN;0,62;-0,19;0,84;0,92;0,96;0,75;0,68;
3.9.2015 20:15;000,7;000,0;000,0;000,0;000,0;000,0;15372;2058742;10;115798;424;2955;0;0;0;0;0;0;0;;1,00;0,00;0,50;0,00;0,00;0,00;14251,00;13574,00;11744,00;0,07;0,03;0,08;;1,00;0,00;0,75;0,00;0,00;0,56;1,75;0,00;0,56;2,45;2,62;1,87;0,44;0,00;0,61;0,66;1,00;0,71;0,67;
3.9.2015 20:30;000,8;000,0;000,0;000,0;000,0;000,0;15372;2058742;10;115798;424;2955;0;0;0;0;0;0;0;;1,00;0,00;0,50;0,00;0,00;0,00;14291,00;13612,00;11777,00;0,07;0,03;0,08;;1,00;0,00;0,75;0,00;0,00;0,56;1,75;0,00;0,56;2,49;2,67;1,94;0,44;0,00;0,62;0,67;1,00;0,70;0,66;
3.9.2015 20:45;000,7;000,0;000,0;000,0;000,0;000,0;15372;2058742;10;115798;424;2955;0;0;0;0;0;0;0;;1,00;0,00;0,50;0,00;0,00;0,00;14304,00;13641,00;11794,00;0,08;0,03;0,08;;1,00;0,00;0,75;0,00;0,00;0,56;1,75;0,00;0,56;2,52;2,71;1,99;0,44;0,00;0,63;0,68;1,00;0,69;0,65;
3.9.2015 21:00;000,7;000,0;000,0;000,0;000,0;000,0;15372;2058742;10;115798;424;2955;0;0;0;0;0;0;0;;1,00;0,00;0,50;0,00;0,00;0,00;14275,00;13659,00;11805,00;0,07;0,03;0,08;;1,00;0,00;0,75;0,00;0,00;0,56;1,75;0,00;0,56;2,46;2,63;1,89;0,44;0,00;0,61;0,66;1,00;0,71;0,66;
3.9.2015 21:15;000,9;000,0;000,0;000,0;000,0;000,2;15373;2058742;10;115798;424;2956;0;0;0;0;0;0;0;;1,00;0,00;0,50;0,00;0,00;0,00;14251,00;13591,00;11753,00;0,07;0,03;0,08;;1,00;0,00;0,75;0,00;0,00;0,56;1,75;0,00;0,56;2,45;2,62;1,87;0,44;0,00;0,61;0,66;1,00;0,71;0,67;
3.9.2015 21:30;000,7;000,0;000,0;000,0;000,0;000,0;15373;2058742;10;115798;424;2956;0;0;0;0;0;0;0;;1,00;0,00;0,50;0,00;0,00;0,00;14280,00;13627,00;11769,00;0,07;0,03;0,08;;1,00;0,00;0,75;0,00;0,00;0,56;1,75;0,00;0,56;2,46;2,63;1,88;0,44;0,00;0,61;0,66;1,00;0,71;0,67;
3.9.2015 21:45;000,7;000,0;000,0;000,0;000,0;000,0;15373;2058742;10;115798;424;2956;0;0;0;0;0;0;0;;1,00;0,00;0,50;0,00;0,00;0,00;14298,00;13651,00;11794,00;0,07;0,03;0,08;;1,00;0,00;0,75;0,00;0,00;0,56;1,75;0,00;0,56;2,49;2,67;1,94;0,44;0,00;0,62;0,67;1,00;0,70;0,65;
3.9.2015 22:00;000,8;000,0;000,0;000,0;000,0;000,0;15373;2058742;10;115798;424;2956;0;0;0;0;0;0;0;;1,00;0,00;0,50;0,00;0,00;0,00;14326,00;13671,00;11814,00;0,07;0,03;0,08;;1,00;0,00;0,75;0,00;0,00;0,56;1,75;0,00;0,56;2,49;2,68;1,95;0,44;0,00;0,62;0,67;1,00;0,70;0,65;
3.9.2015 22:15;000,7;000,0;000,0;000,0;000,0;000,0;15373;2058742;10;115798;424;2956;0;0;0;0;0;0;0;;1,00;0,00;0,50;0,00;0,00;0,00;14255,00;13614,00;11755,00;0,07;0,03;0,08;;1,00;0,00;0,75;0,00;0,00;0,56;1,75;0,00;0,56;2,48;2,67;1,93;0,44;0,00;0,62;0,67;1,00;0,71;0,66;
3.9.2015 22:30;000,7;000,0;000,0;000,0;000,0;000,0;15374;2058742;10;115798;424;2956;0;0;0;0;0;0;0;;1,00;0,00;0,50;0,00;0,00;0,00;14268,00;13360,00;12061,00;0,07;0,03;0,08;;1,00;0,00;1,00;0,00;0,00;0,87;1,75;0,00;0,87;2,50;2,67;1,82;0,44;0,00;0,62;0,67;1,00;0,70;0,66;
3.9.2015 22:45;000,7;000,0;000,0;000,0;000,0;000,0;15374;2058742;10;115798;424;2956;0;0;0;0;0;0;0;;1,00;0,00;0,50;0,00;0,00;0,00;14300,00;13657,00;11834,00;0,07;0,03;0,08;;1,00;0,00;0,75;0,00;0,00;0,56;1,75;0,00;0,56;2,49;2,68;1,95;0,44;0,00;0,62;0,67;1,00;0,70;0,65;
3.9.2015 23:00;000,7;000,0;000,0;000,0;000,0;000,0;15374;2058742;10;115798;424;2956;0;0;0;0;0;0;0;;1,00;0,00;0,50;0,00;0,00;0,00;13965,00;13409,00;11609,00;0,08;0,03;0,08;;1,00;0,00;0,75;0,00;0,00;0,56;1,50;0,00;0,56;2,48;2,66;2,12;0,38;0,00;0,62;0,66;1,00;0,61;0,56;
3.9.2015 23:15;000,7;000,0;000,0;000,0;000,0;000,0;15374;2058742;10;115798;424;2956;0;0;0;0;0;0;0;;1,00;0,00;0,50;0,00;0,00;0,00;14092,00;13380,00;11622,00;0,08;0,03;0,08;;1,00;0,00;0,75;0,00;0,00;0,56;1,75;0,00;0,56;2,49;2,67;1,93;0,44;0,00;0,62;0,67;1,00;0,70;0,66;
3.9.2015 23:30;000,7;000,0;000,0;000,0;000,0;000,0;15374;2058742;10;115798;424;2956;0;0;0;0;0;0;0;;1,00;0,00;0,50;0,00;0,00;0,00;14081,00;13419,00;11767,00;0,07;0,03;0,08;;1,00;0,00;0,75;0,00;0,00;0,56;1,75;0,00;0,56;2,46;2,64;1,90;0,44;0,00;0,62;0,66;1,00;0,71;0,66;
3.9.2015 23:45;000,8;000,0;000,0;000,0;000,0;000,0;15374;2058742;10;115798;424;2956;0;0;0;0;0;0;0;;0,75;0,00;0,75;0,00;0,00;0,00;13122,00;13363,00;12734,00;0,07;0,03;0,08;;1,00;0,00;1,00;0,66;0,00;0,66;1,75;0,00;1,32;2,47;2,63;1,45;0,44;0,00;0,62;0,66;1,00;0,71;0,67;
4.9.2015 00:00;000,7;000,0;000,0;000,0;000,0;000,0;15375;2058742;10;115798;424;2956;0;0;0;0;0;0;0;;1,00;0,00;0,50;0,00;0,00;0,00;14526,00;13068,00;12064,00;0,08;0,03;0,09;;1,00;0,00;1,00;0,00;0,00;0,87;1,75;0,00;0,87;2,58;2,74;1,93;0,44;0,00;0,64;0,69;1,00;0,68;0,64;
4.9.2015 00:15;000,8;000,0;000,0;000,0;000,0;000,1;15375;2058742;10;115798;424;2956;0;0;0;0;0;0;0;;1,00;0,00;0,50;0,00;0,00;0,00;14544,00;13142,00;11864,00;0,08;0,03;0,08;;1,00;0,00;1,00;0,00;0,00;0,87;1,75;0,00;0,87;2,53;2,70;1,86;0,44;0,00;0,63;0,67;1,00;0,69;0,65;
4.9.2015 00:30;000,7;000,0;000,0;000,0;000,0;000,0;15375;2058742;10;115798;424;2956;0;0;0;0;0;0;0;;1,00;0,00;0,50;0,00;0,00;0,00;14594,00;13174,00;11788,00;0,08;0,03;0,09;;1,00;0,00;1,00;0,00;0,00;0,87;1,75;0,00;0,87;2,53;2,73;1,90;0,44;0,00;0,63;0,68;1,00;0,69;0,64;
4.9.2015 00:45;000,7;000,0;000,0;000,0;000,0;000,0;15375;2058742;10;115798;424;2956;0;0;0;0;0;0;0;;1,00;0,00;0,50;0,00;0,00;0,00;14587,00;13191,00;11834,00;0,08;0,03;0,09;;1,00;0,00;1,00;0,00;0,00;0,87;1,75;0,00;0,87;2,53;2,73;1,91;0,44;0,00;0,63;0,68;1,00;0,69;0,64;
4.9.2015 01:00;000,8;000,0;000,0;000,0;000,0;000,0;15375;2058742;10;115798;424;2956;0;0;0;0;0;0;0;;1,00;0,00;0,50;0,00;0,00;0,00;14587,00;13085,00;11999,00;0,08;0,03;0,09;;1,00;0,00;1,00;0,00;0,00;0,87;1,75;0,00;0,87;2,54;2,73;1,91;0,44;0,00;0,64;0,68;1,00;0,69;0,64;
4.9.2015 01:15;000,7;000,0;000,0;000,0;000,0;000,0;15376;2058742;10;115798;424;2956;0;0;0;0;0;0;0;;1,00;0,00;0,50;0,00;0,00;0,00;14605,00;13256,00;11834,00;0,08;0,03;0,08;;1,00;0,00;1,00;0,00;0,00;0,87;1,75;0,00;0,87;2,51;2,69;1,86;0,44;0,00;0,63;0,67;1,00;0,70;0,65;
4.9.2015 01:30;000,7;000,0;000,0;000,0;000,0;000,0;15376;2058742;10;115798;424;2956;0;0;0;0;0;0;0;;1,00;0,00;0,50;0,00;0,00;0,00;14671,00;13316,00;11855,00;0,08;0,03;0,08;;1,00;0,00;1,00;0,00;0,00;0,87;1,75;0,00;0,87;2,51;2,70;1,87;0,44;0,00;0,63;0,68;1,00;0,70;0,65;
4.9.2015 01:45;000,8;000,0;000,0;000,0;000,0;000,0;15376;2058742;10;115798;424;2956;0;0;0;0;0;0;0;;1,00;0,00;0,50;0,00;0,00;0,00;14661,00;13230,00;11847,00;0,08;0,03;0,09;;1,00;0,00;1,00;0,00;0,00;0,87;1,75;0,00;0,87;2,57;2,75;1,94;0,44;0,00;0,64;0,69;1,00;0,68;0,64;
4.9.2015 02:00;000,7;000,0;000,0;000,0;000,0;000,0;15376;2058742;10;115798;424;2956;0;0;0;0;0;0;0;;1,00;0,00;0,50;0,00;0,00;0,00;14656,00;13213,00;11851,00;0,08;0,03;0,09;;1,00;0,00;1,00;0,00;0,00;0,87;1,75;0,00;0,87;2,54;2,74;1,92;0,44;0,00;0,63;0,68;1,00;0,69;0,64;
4.9.2015 02:15;000,7;000,0;000,0;000,0;000,0;000,0;15376;2058742;10;115798;424;2956;0;0;0;0;0;0;0;;1,00;0,00;0,50;0,00;0,00;0,00;14677,00;13234,00;11860,00;0,08;0,03;0,09;;1,00;0,00;1,00;0,00;0,00;0,87;1,75;0,00;0,87;2,54;2,74;1,92;0,44;0,00;0,64;0,68;1,00;0,69;0,64;
4.9.2015 02:30;000,8;000,0;000,0;000,0;000,0;000,0;15377;2058742;10;115798;424;2956;0;0;0;0;0;0;0;;1,00;0,00;0,50;0,00;0,00;0,00;14650,00;13208,00;11846,00;0,08;0,03;0,09;;1,00;0,00;1,00;0,00;0,00;0,87;1,75;0,00;0,87;2,57;2,75;1,94;0,44;0,00;0,64;0,69;1,00;0,68;0,64;
4.9.2015 02:45;000,7;000,0;000,0;000,0;000,0;000,0;15377;2058742;10;115798;424;2956;0;0;0;0;0;0;0;;1,00;0,00;0,50;0,00;0,00;0,00;14689,00;13225,00;11880,00;0,08;0,03;0,09;;1,00;0,00;1,00;0,00;0,00;0,87;1,75;0,00;0,87;2,54;2,74;1,92;0,44;0,00;0,64;0,69;1,00;0,69;0,64;
4.9.2015 03:00;000,8;000,0;000,0;000,0;000,0;000,0;15377;2058742;10;115798;424;2956;0;0;0;0;0;0;0;;1,00;0,00;0,75;0,00;0,00;0,00;13756,00;12696,00;13196,00;0,08;0,03;0,09;;1,00;0,00;1,00;0,00;0,00;0,66;1,75;0,00;0,66;2,60;2,74;2,00;0,44;0,00;0,65;0,68;1,00;0,67;0,64;
4.9.2015 03:15;000,7;000,0;000,0;000,0;000,0;000,0;15377;2058742;10;115798;424;2956;0;0;0;0;0;0;0;;1,00;0,00;0,75;0,00;0,00;0,00;13907,00;12437,00;13215,00;0,08;0,03;0,09;;1,00;0,00;1,00;0,00;0,00;0,66;1,75;0,00;0,66;2,61;2,73;1,99;0,44;0,00;0,65;0,68;1,00;0,67;0,64;
4.9.2015 03:30;000,7;000,0;000,0;000,0;000,0;000,0;15377;2058742;10;115798;424;2956;0;0;0;0;0;0;0;;1,00;0,00;0,75;0,00;0,00;0,00;13961,00;12318,00;13359,00;0,07;0,03;0,09;;1,00;0,00;1,00;0,00;0,00;0,66;1,75;0,00;0,66;2,58;2,70;1,95;0,44;0,00;0,65;0,68;1,00;0,68;0,65;
4.9.2015 03:45;000,8;000,0;000,0;000,0;000,0;000,0;15377;2058742;10;115798;424;2956;0;0;0;0;0;0;0;;1,00;0,00;0,75;0,00;0,00;0,00;13936,00;12278,00;13381,00;0,07;0,03;0,09;;1,00;0,00;1,00;0,00;0,00;0,66;1,75;0,00;0,66;2,58;2,70;1,95;0,44;0,00;0,65;0,67;1,00;0,68;0,65;
4.9.2015 04:00;000,7;000,0;000,0;000,0;000,0;000,0;15378;2058742;10;115798;424;2956;0;0;0;0;0;0;0;;1,00;0,00;0,75;0,00;0,00;0,00;13899,00;12276,00;13381,00;0,07;0,03;0,09;;1,00;0,00;1,00;0,00;0,00;0,66;1,75;0,00;0,66;2,58;2,70;1,94;0,44;0,00;0,64;0,67;1,00;0,68;0,65;
4.9.2015 04:15;000,8;000,0;000,0;000,0;000,0;000,0;15378;2058742;10;115798;424;2956;0;0;0;0;0;0;0;;1,00;0,00;0,75;0,00;0,00;0,00;13854,00;12276,00;13378,00;0,07;0,03;0,09;;1,00;0,00;1,00;0,00;0,00;0,66;1,75;0,00;0,66;2,58;2,69;1,94;0,44;0,00;0,64;0,67;1,00;0,68;0,65;
4.9.2015 04:30;000,7;000,0;000,0;000,0;000,0;000,0;15378;2058742;10;115798;424;2956;0;0;0;0;0;0;0;;1,00;0,00;0,75;0,00;0,00;0,00;13928,00;12281,00;13407,00;0,07;0,03;0,09;;1,00;0,00;1,00;0,00;0,00;0,66;1,75;0,00;0,66;2,58;2,70;1,95;0,44;0,00;0,65;0,68;1,00;0,68;0,65;
4.9.2015 04:45;000,8;000,0;000,0;000,0;000,0;000,0;15378;2058742;10;115798;424;2956;0;0;0;0;0;0;0;;1,00;0,00;0,75;0,00;0,00;0,00;13892,00;12303,00;13348,00;0,08;0,03;0,09;;1,00;0,00;1,00;0,00;0,00;0,66;1,75;0,00;0,66;2,61;2,73;1,99;0,44;0,00;0,65;0,68;1,00;0,67;0,64;
4.9.2015 05:00;000,7;000,0;000,0;000,0;000,0;000,0;15378;2058742;10;115798;424;2956;0;0;0;0;0;0;0;;1,00;0,00;0,75;0,00;0,00;0,00;13894,00;12304,00;13386,00;0,07;0,03;0,09;;1,00;0,00;1,00;0,00;0,00;0,66;1,75;0,00;0,66;2,58;2,70;1,94;0,44;0,00;0,64;0,67;1,00;0,68;0,65;
4.9.2015 05:15;000,7;000,0;000,0;000,0;000,0;000,0;15379;2058742;10;115798;424;2956;0;0;0;0;0;0;0;;1,00;0,00;0,75;0,00;0,00;0,00;13818,00;12243,00;13337,00;0,07;0,03;0,09;;1,00;0,00;1,00;0,00;0,00;0,66;1,75;0,00;0,66;2,57;2,69;1,93;0,44;0,00;0,64;0,67;1,00;0,68;0,65;
4.9.2015 05:30;000,8;000,0;000,0;000,0;000,0;000,0;15379;2058742;10;115798;424;2956;0;0;0;0;0;0;0;;1,00;0,00;0,75;0,00;0,00;0,00;13858,00;12259,00;13371,00;0,07;0,03;0,09;;1,00;0,00;1,00;0,00;0,00;0,66;1,75;0,00;0,66;2,57;2,69;1,94;0,44;0,00;0,64;0,67;1,00;0,68;0,65;
4.9.2015 05:45;000,7;000,0;000,0;000,0;000,0;000,0;15379;2058742;10;115798;424;2956;0;0;0;0;0;0;0;;1,00;0,00;0,75;0,00;0,00;0,00;13916,00;12281,00;13391,00;0,07;0,03;0,09;;1,00;0,00;1,00;0,00;0,00;0,66;1,75;0,00;0,66;2,58;2,70;1,95;0,44;0,00;0,65;0,67;1,00;0,68;0,65;
4.9.2015 06:00;000,8;000,0;000,0;000,0;000,0;000,0;15379;2058742;10;115798;424;2956;0;0;0;0;0;0;0;;1,00;0,00;0,75;0,00;0,00;0,00;13959,00;12285,00;13389,00;0,07;0,03;0,09;;1,00;0,00;1,00;0,00;0,00;0,66;1,75;0,00;0,66;2,58;2,70;1,95;0,44;0,00;0,65;0,68;1,00;0,68;0,65;
4.9.2015 06:15;000,7;000,0;000,0;000,0;000,0;000,0;15379;2058742;10;115798;424;2956;0;0;0;0;0;0;0;;1,00;0,00;0,75;0,00;0,00;0,00;13845,00;12288,00;13365,00;0,07;0,03;0,09;;1,00;0,00;1,00;0,00;0,00;0,66;1,75;0,00;0,66;2,57;2,69;1,94;0,44;0,00;0,64;0,67;1,00;0,68;0,65;
4.9.2015 06:30;000,8;000,0;000,0;000,0;000,0;000,1;15379;2058742;10;115798;424;2956;0;0;0;0;0;0;0;;1,00;0,00;0,50;-3,00;-2,75;-3,50;13897,00;12292,00;13382,00;0,24;0,24;0,28;;3,25;2,75;3,75;0,75;0,00;1,25;1,75;-9,50;2,00;9,97;10,00;1,66;0,44;-2,38;2,49;2,50;0,66;0,18;0,17;
4.9.2015 06:45;000,0;007,1;000,0;000,0;000,0;000,0;15379;2058744;10;115798;424;2956;0;0;0;0;0;0;0;;-9,25;-8,50;-9,25;0,00;0,00;0,00;13881,00;12245,00;13344,00;0,68;0,71;0,70;;9,25;8,50;9,25;0,00;0,00;0,00;-27,00;0,00;0,00;27,47;27,54;5,43;-6,75;0,00;6,87;6,88;1,00;-0,98;-0,98;
4.9.2015 07:00;000,0;013,4;000,0;000,1;000,0;000,0;15379;2058747;10;115798;424;2956;0;0;0;0;0;0;0;;-10,25;-9,50;-10,00;0,00;0,00;0,00;13915,00;12257,00;13385,00;0,75;0,78;0,77;;10,25;9,50;10,25;0,00;0,00;2,25;-30,00;0,00;2,25;30,27;30,34;3,93;-7,50;0,00;7,57;7,59;1,00;-0,99;-0,99;
4.9.2015 07:15;000,0;029,2;000,0;000,9;000,0;000,0;15379;2058755;10;115799;424;2956;0;0;0;0;0;0;0;;-47,00;-42,00;-45,25;0,00;1,00;4,75;13824,00;12224,00;13335,00;3,40;3,44;3,43;;47,00;42,00;45,50;0,00;nan;0,35;-134,50;5,75;nan;134,80;135,00;NaN;-33,62;1,44;33,70;33,75;1,00;-1,00;-1,00;
4.9.2015 07:30;000,0;042,5;000,0;001,7;000,0;000,2;15380;2058765;10;115799;424;2956;0;0;0;0;0;0;0;;-25,50;-23,25;-25,00;0,00;0,00;1,75;13780,00;12231,00;13336,00;1,87;1,91;1,89;;25,50;23,25;25,25;0,00;0,00;3,08;-74,25;1,75;3,08;74,36;74,49;4,88;-18,56;0,44;18,59;18,62;1,00;-1,00;-1,00;
4.9.2015 07:45;000,0;038,6;000,0;000,9;000,1;000,1;15380;2058775;10;115799;424;2956;0;0;0;0;0;0;0;;-23,50;-21,25;-23,25;-0,75;0,00;1,75;13792,00;12241,00;13354,00;1,73;1,76;1,76;;23,75;21,50;23,50;3,35;3,27;2,94;-68,50;0,75;9,56;68,88;68,98;NaN;-17,12;0,19;17,22;17,25;1,00;-0,99;-0,99;
4.9.2015 08:00;000,0;029,7;000,0;000,4;000,0;000,0;15380;2058782;10;115799;424;2956;0;0;0;0;0;0;0;;-24,25;-21,75;-24,00;-0,75;0,00;1,75;13805,00;12217,00;13358,00;1,77;1,80;1,81;;24,25;22,00;24,00;nan;3,31;nan;-70,25;0,75;nan;70,63;70,75;NaN;-17,56;0,19;17,66;17,69;1,00;-0,99;-0,99;
4.9.2015 08:15;000,0;034,6;000,0;000,6;000,0;000,0;15380;2058791;10;115799;424;2956;0;0;0;0;0;0;0;;-44,25;-39,75;-43,25;-1,00;0,00;3,75;13736,00;12201,00;13320,00;3,23;3,27;3,27;;44,25;39,75;43,50;nan;0,00;2,76;-127,50;2,75;nan;127,89;128,07;NaN;-31,88;0,69;31,97;32,02;1,00;-1,00;-1,00;
4.9.2015 08:30;000,0;072,4;000,0;002,7;000,0;000,0;15380;2058809;10;115800;424;2956;0;0;0;0;0;0;0;;-48,50;-43,50;-47,50;-1,00;0,75;4,25;13779,00;12219,00;13340,00;3,54;3,57;3,59;;48,75;43,50;47,75;4,83;nan;2,40;-139,75;4,00;nan;140,26;140,45;NaN;-34,94;1,00;35,06;35,11;1,00;-1,00;-1,00;
4.9.2015 08:45;000,0;116,6;000,0;005,4;000,0;000,0;15380;2058839;10;115801;424;2956;0;0;0;0;0;0;0;;-139,50;-124,50;-135,00;0,00;4,75;15,50;13806,00;12268,00;13375,00;10,12;10,18;10,18;;139,50;124,75;136,00;0,00;6,30;5,55;-399,25;20,50;11,85;400,63;401,16;31,08;-99,81;5,12;100,16;100,29;1,00;-1,00;-1,00;
4.9.2015 09:00;000,0;113,1;000,0;005,1;000,0;000,0;15380;2058867;10;115803;424;2956;0;0;0;0;0;0;0;;-96,75;-86,25;-93,75;-0,75;2,50;10,00;13800,00;12233,00;13354,00;7,07;7,11;7,12;;97,00;86,25;94,50;6,92;nan;6,42;-277,25;11,75;nan;279,66;280,03;NaN;-69,31;2,94;69,91;70,01;1,00;-0,99;-0,99;
4.9.2015 09:15;000,0;101,0;000,0;004,3;000,0;000,0;15380;2058892;10;115804;424;2956;0;0;0;0;0;0;0;;-75,75;-67,50;-73,50;-0,75;1,75;7,50;13757,00;12204,00;13325,00;5,52;5,55;5,56;;75,75;67,75;74,00;nan;5,55;4,18;-217,25;8,25;nan;217,72;218,02;NaN;-54,31;2,06;54,43;54,50;1,00;-1,00;-1,00;
4.9.2015 09:30;000,0;072,9;000,0;002,6;000,0;000,0;15380;2058910;10;115804;424;2956;0;0;0;0;0;0;0;;-36,50;-32,75;-36,00;-1,00;0,00;3,00;13751,00;12224,00;13337,00;2,68;2,70;2,72;;36,75;33,00;36,00;4,16;4,05;nan;-105,50;2,00;nan;106,03;106,17;NaN;-26,38;0,50;26,51;26,54;1,00;-0,99;-0,99;
4.9.2015 09:45;000,0;080,9;000,0;003,1;000,0;000,0;15380;2058930;10;115805;424;2956;0;0;0;0;0;0;0;;-71,25;-63,75;-69,25;-1,00;1,50;6,75;13753,00;12219,00;13337,00;5,19;5,23;5,23;;71,25;63,75;69,75;nan;nan;4,89;-204,50;7,50;nan;205,07;205,35;NaN;-51,12;1,88;51,27;51,34;1,00;-1,00;-1,00;
4.9.2015 10:00;000,0;090,5;000,0;003,7;000,0;000,0;15380;2058953;10;115806;424;2956;0;0;0;0;0;0;0;;-74,00;-65,75;-71,50;-1,00;1,50;7,50;13808,00;12182,00;13357,00;5,36;5,40;5,40;;74,00;65,75;72,00;nan;nan;3,94;-211,50;8,00;nan;211,99;212,31;NaN;-52,88;2,00;53,00;53,08;1,00;-1,00;-1,00;
4.9.2015 10:15;000,0;090,9;000,0;003,6;000,0;000,0;15380;2058976;10;115807;424;2956;0;0;0;0;0;0;0;;-89,75;-80,00;-87,25;-1,00;2,25;9,25;13731,00;12173,00;13325,00;6,55;6,59;6,59;;89,75;80,00;87,75;nan;nan;1,39;-257,25;10,50;nan;257,87;258,23;NaN;-64,31;2,62;64,47;64,56;1,00;-1,00;-1,00;
4.9.2015 10:30;000,0;143,1;000,0;007,1;000,0;000,0;15380;2059012;10;115809;424;2956;0;0;0;0;0;0;0;;-105,00;-94,00;-102,50;0,00;3,00;10,75;13696,00;12142,00;13310,00;7,67;7,76;7,75;;105,00;94,25;103,00;0,00;6,17;nan;-301,75;14,00;nan;302,55;303,01;NaN;-75,44;3,50;75,64;75,75;1,00;-1,00;-1,00;
4.9.2015 10:45;000,0;182,3;000,0;011,0;000,0;000,0;15380;2059057;10;115812;424;2956;0;0;0;0;0;0;0;;-133,25;-118,75;-129,50;0,00;4,25;14,75;13623,00;12057,00;13238,00;9,80;9,87;9,85;;133,25;119,00;130,25;0,00;6,43;nan;-381,75;19,25;nan;382,93;383,49;NaN;-95,44;4,81;95,73;95,87;1,00;-1,00;-1,00;
4.9.2015 11:00;000,0;281,8;000,0;020,0;000,0;000,0;15380;2059128;10;115817;424;2956;0;0;0;0;0;0;0;;-265,25;-236,75;-257,25;5,75;14,25;35,00;13584,00;12038,00;13214,00;19,55;19,72;19,66;;265,50;237,25;259,75;9,98;5,83;8,22;-759,50;55,25;24,02;762,71;763,83;54,45;-189,88;13,81;190,68;190,96;1,00;-1,00;-0,99;
4.9.2015 11:15;000,0;249,1;000,0;016,9;000,0;000,0;15380;2059191;10;115821;424;2956;0;0;0;0;0;0;0;;-300,00;-268,75;-291,75;7,50;17,25;39,25;13759,00;12221,00;13400,00;21,80;22,03;21,96;;300,25;269,50;294,25;9,69;10,30;nan;-860,75;64,25;nan;863,50;864,76;NaN;-215,19;16,06;215,88;216,19;1,00;-1,00;-1,00;
4.9.2015 11:30;000,0;272,0;000,0;018,9;000,0;000,0;15380;2059258;10;115826;424;2956;0;0;0;0;0;0;0;;-168,25;-150,75;-164,00;0,75;7,00;19,50;13778,00;12220,00;13411,00;12,23;12,35;12,33;;168,50;150,75;165,25;9,14;nan;5,60;-483,25;27,50;nan;484,88;485,59;NaN;-120,81;6,88;121,22;121,40;1,00;-1,00;-1,00;
4.9.2015 11:45;000,0;143,7;000,0;007,8;000,0;000,0;15380;2059294;10;115827;424;2956;0;0;0;0;0;0;0;;-152,25;-136,50;-148,50;1,00;6,75;17,75;13724,00;12193,00;13368,00;11,11;11,21;11,20;;152,50;136,50;149,50;8,67;nan;nan;-437,50;25,75;nan;438,88;439,50;NaN;-109,38;6,44;109,72;109,87;1,00;-1,00;-1,00;
4.9.2015 12:00;000,0;188,6;000,0;011,6;000,0;000,0;15380;2059341;10;115830;424;2956;0;0;0;0;0;0;0;;-74,25;-66,50;-72,50;-0,75;1,75;7,25;13683,00;12122,00;13308,00;5,44;5,49;5,49;;74,25;66,50;73,00;nan;nan;4,49;-213,50;8,25;nan;214,21;214,52;NaN;-53,38;2,06;53,55;53,63;1,00;-1,00;-1,00;
4.9.2015 12:15;000,0;103,0;000,0;004,6;000,0;000,0;15380;2059367;10;115832;424;2956;0;0;0;0;0;0;0;;-129,00;-115,75;-126,00;0,00;4,75;14,00;13661,00;12129,00;13314,00;9,46;9,56;9,55;;129,25;115,75;127,00;8,04;nan;7,55;-371,00;18,75;nan;372,24;372,78;NaN;-92,75;4,69;93,06;93,19;1,00;-1,00;-1,00;
4.9.2015 12:30;000,0;201,6;000,0;012,7;000,0;000,0;15380;2059418;10;115835;424;2956;0;0;0;0;0;0;0;;-281,25;-252,00;-273,25;6,25;15,50;36,75;13696,00;12171,00;13334,00;20,56;20,76;20,70;;281,50;252,50;276,00;10,08;3,46;12,64;-806,75;58,75;26,19;810,21;811,36;57,64;-201,69;14,69;202,55;202,84;1,00;-1,00;-0,99;
4.9.2015 12:45;000,0;198,5;000,0;012,4;000,0;000,0;15380;2059467;10;115838;424;2956;0;0;0;0;0;0;0;;-72,50;-65,00;-71,00;-0,75;1,75;7,00;13653,00;12120,00;13314,00;5,32;5,38;5,36;;72,50;65,00;71,25;nan;nan;nan;-208,75;7,75;nan;209,27;209,58;NaN;-52,19;1,94;52,32;52,39;1,00;-1,00;-1,00;
4.9.2015 13:00;000,0;102,7;000,0;004,5;000,0;000,0;15380;2059493;10;115839;424;2956;0;0;0;0;0;0;0;;-108,75;-97,25;-106,25;0,00;3,25;11,25;13752,00;12146,00;13374,00;7,92;8,02;7,99;;108,75;97,25;106,75;0,00;nan;nan;-312,50;14,50;nan;313,28;313,79;NaN;-78,12;3,62;78,32;78,45;1,00;-1,00;-1,00;
4.9.2015 13:15;000,0;251,1;000,0;017,3;000,0;000,0;15380;2059555;10;115843;424;2956;0;0;0;0;0;0;0;;-77,25;-70,00;-76,50;0,00;2,50;7,00;13693,00;12141,00;13357,00;5,66;5,79;5,76;;77,25;70,25;76,75;0,00;5,37;nan;-224,00;9,50;nan;224,73;225,13;NaN;-56,00;2,38;56,18;56,28;1,00;-1,00;-0,99;
4.9.2015 13:30;000,0;114,2;000,0;005,6;000,0;000,0;15380;2059585;10;115845;424;2956;0;0;0;0;0;0;0;;-265,00;-237,00;-257,75;5,75;14,25;34,00;13695,00;12134,00;13338,00;19,36;19,58;19,50;;265,00;237,50;260,00;nan;5,85;2,99;-759,75;54,00;nan;762,78;763,95;NaN;-189,94;13,50;190,70;190,99;1,00;-1,00;-0,99;
4.9.2015 13:45;000,0;282,2;000,0;020,0;000,0;000,0;15380;2059655;10;115850;424;2956;0;0;0;0;0;0;0;;-262,75;-235,00;-255,50;5,75;14,25;34,00;13779,00;12216,00;13424,00;19,08;19,29;19,22;;262,75;235,50;258,00;nan;5,67;11,30;-753,50;54,25;nan;756,59;757,73;NaN;-188,38;13,56;189,15;189,43;1,00;-1,00;-0,99;
4.9.2015 14:00;000,0;170,8;000,0;010,2;000,0;000,0;15380;2059697;10;115852;424;2956;0;0;0;0;0;0;0;;-54,50;-48,75;-53,25;-0,75;1,00;5,00;13877,00;12294,00;13512,00;3,94;3,98;3,98;;54,50;48,75;53,75;nan;nan;5,34;-157,00;5,25;nan;157,44;157,68;NaN;-39,25;1,31;39,36;39,42;1,00;-1,00;-1,00;
4.9.2015 14:15;000,0;090,5;000,0;003,9;000,0;000,0;15380;2059719;10;115853;424;2956;0;0;0;0;0;0;0;;-61,00;-54,50;-59,75;-1,00;1,25;5,50;13821,00;12240,00;13465,00;4,42;4,47;4,47;;61,00;54,75;60,00;nan;5,07;nan;-175,50;6,00;nan;176,05;176,32;NaN;-43,88;1,50;44,01;44,08;1,00;-1,00;-1,00;
4.9.2015 14:30;000,0;088,4;000,0;004,1;000,0;000,0;15380;2059742;10;115854;424;2956;0;0;0;0;0;0;0;;-66,00;-59,50;-65,00;-0,75;1,75;6,00;13861,00;12266,00;13494,00;4,78;4,87;4,85;;66,00;59,50;65,25;nan;nan;nan;-190,75;6,75;nan;191,34;191,66;NaN;-47,69;1,69;47,83;47,92;1,00;-1,00;-1,00;
4.9.2015 14:45;000,0;088,0;000,0;003,6;000,0;000,0;15380;2059764;10;115855;424;2956;0;0;0;0;0;0;0;;-243,25;-217,00;-236,25;4,50;12,00;31,00;13831,00;12249,00;13480,00;17,61;17,76;17,70;;243,50;217,50;238,50;10,07;8,56;10,35;-697,00;47,75;28,98;699,73;700,78;46,50;-174,25;11,94;174,93;175,19;1,00;-1,00;-0,99;
4.9.2015 15:00;000,0;127,8;000,0;006,9;000,0;000,0;15380;2059796;10;115857;424;2956;0;0;0;0;0;0;0;;-266,25;-237,00;-258,00;5,25;13,50;34,75;13884,00;12297,00;13520,00;19,20;19,32;19,26;;266,50;237,50;260,25;10,28;7,42;nan;-761,50;53,75;nan;764,55;765,65;NaN;-190,38;13,44;191,14;191,41;1,00;-1,00;-0,99;
4.9.2015 15:15;000,0;187,7;000,0;011,6;000,0;000,0;15380;2059843;10;115860;424;2956;0;0;0;0;0;0;0;;-212,00;-190,50;-207,25;3,25;10,75;25,25;13809,00;12291,00;13483,00;15,36;15,54;15,49;;212,00;191,00;208,75;nan;8,67;nan;-610,00;39,50;nan;612,13;613,01;NaN;-152,50;9,88;153,03;153,25;1,00;-1,00;-1,00;
