Cas;P+;P-;Q1;Q2;Q3;Q4;A+;A-;AQ1;AQ2;AQ3;AQ4;S;AP1;AP2;AP3;D1;D2;D3;;P1;P2;P3;Q1;Q2;Q3;U1;U2;U3;I1;I2;I3;;S1;S2;S3;D1;D2;D3;P;Q;D;Sa;Sr;N;AP++;AQ++;Asa++;Asr++;cosFi;P/Sa;P/Sr
 ;"1.5";"2.5";"5.5";"6.5";"7.5";"8.5";"1.8";"2.8";"5.8";"6.8";"7.8";"8.8";"9.8";"21.8";"41.8";"61.8";"181.5";"182.5";"183.5"
 ;[kW];[kW];[kvar];[kvar];[kvar];[kvar];[kWh];[kWh];[kvarh];[kvarh];[kvarh];[kvarh];[kVAh];[kWh];[kWh];[kWh];[kvar];[kvar];[kvar]; ;[kW];[kW];[kW];[kvar];[kvar];[kvar];[V];[V];[V];[A];[A];[A]; ;[kVA];[kVA];[kVA];[kvar];[kvar];kvar];[kW];[kvar];[kvar];[kVAh];[kVAh];[kvar];[kWh];[kvarh];[kVAh];[kVAh]
1.7.2015 00:00;001,2;000,0;;;;;22562;1644579;5816;183235;62;712;0;0;0;0;0;0;0;;0,75;0,75;1,00;0,00;0,00;0,00;13962,00;12431,00;13371,00;0,07;0,07;0,09;;0,75;0,75;1,00;0,00;0,00;0,00;3,00;0,00;0,00;3,05;3,08;0,68;0,75;0,00;0,76;0,77;1,00;0,98;0,98;
1.7.2015 00:15;001,2;000,0;;;;;22562;1644579;5816;183235;62;712;0;0;0;0;0;0;0;;0,75;0,75;1,00;0,00;0,00;0,00;13946,00;12485,00;13422,00;0,07;0,07;0,09;;0,75;0,75;1,00;0,00;0,00;0,00;3,00;0,00;0,00;3,06;3,08;0,70;0,75;0,00;0,76;0,77;1,00;0,98;0,97;
1.7.2015 00:30;001,2;000,0;;;;;22562;1644579;5816;183235;62;712;0;0;0;0;0;0;0;;0,75;0,75;1,00;0,00;0,00;0,00;13980,00;12456,00;13391,00;0,07;0,07;0,09;;0,75;0,75;1,00;0,00;0,00;0,00;3,00;0,00;0,00;3,06;3,08;0,70;0,75;0,00;0,76;0,77;1,00;0,98;0,97;
1.7.2015 00:45;001,3;000,0;;;;;22563;1644579;5816;183235;62;712;0;0;0;0;0;0;0;;0,75;0,75;1,00;0,00;0,00;0,00;14045,00;12477,00;13416,00;0,07;0,07;0,09;;0,75;0,75;1,00;0,00;0,00;0,00;3,00;0,00;0,00;3,10;3,13;0,88;0,75;0,00;0,77;0,78;1,00;0,97;0,96;
1.7.2015 01:00;001,2;000,0;;;;;22563;1644579;5816;183235;62;712;0;0;0;0;0;0;0;;0,75;0,75;1,00;0,00;0,00;0,00;13990,00;12491,00;13440,00;0,07;0,07;0,09;;0,75;0,75;1,00;0,00;0,00;0,00;3,00;0,00;0,00;3,06;3,09;0,73;0,75;0,00;0,77;0,77;1,00;0,98;0,97;
1.7.2015 01:15;001,2;000,0;;;;;22563;1644579;5816;183235;62;712;0;0;0;0;0;0;0;;0,75;0,75;1,00;0,00;0,00;0,00;14007,00;12493,00;13448,00;0,07;0,07;0,09;;0,75;0,75;1,00;0,00;0,00;0,00;3,00;0,00;0,00;3,10;3,13;0,89;0,75;0,00;0,77;0,78;1,00;0,97;0,96;
1.7.2015 01:30;001,2;000,0;;;;;22564;1644579;5816;183235;62;712;0;0;0;0;0;0;0;;0,75;0,75;1,00;0,00;0,00;0,00;14049,00;12515,00;13484,00;0,07;0,07;0,09;;0,75;0,75;1,25;0,00;0,00;0,75;3,00;0,00;0,75;3,11;3,14;0,52;0,75;0,00;0,78;0,78;1,00;0,97;0,96;
1.7.2015 01:45;001,2;000,0;;;;;22564;1644579;5816;183235;62;712;0;0;0;0;0;0;0;;0,75;0,75;1,00;0,00;0,00;0,00;13983,00;12505,00;13468,00;0,07;0,07;0,09;;0,75;0,75;1,00;0,00;0,00;0,00;3,00;0,00;0,00;3,10;3,13;0,89;0,75;0,00;0,77;0,78;1,00;0,97;0,96;
1.7.2015 02:00;001,2;000,0;;;;;22564;1644579;5816;183235;62;712;0;0;0;0;0;0;0;;0,75;0,75;1,00;0,00;0,00;0,00;13993,00;12521,00;13477,00;0,06;0,07;0,09;;0,75;0,75;1,00;0,00;0,00;0,00;2,75;0,00;0,00;2,96;3,01;1,21;0,69;0,00;0,74;0,75;1,00;0,93;0,92;
1.7.2015 02:15;001,2;000,0;;;;;22565;1644579;5816;183235;62;712;0;0;0;0;0;0;0;;0,75;0,75;1,00;0,00;0,00;0,00;14038,00;12562,00;13508,00;0,06;0,07;0,09;;0,75;0,75;1,00;0,00;0,00;0,00;2,75;0,00;0,00;2,97;3,01;1,23;0,69;0,00;0,74;0,75;1,00;0,93;0,91;
1.7.2015 02:30;001,1;000,0;;;;;22565;1644579;5816;183235;62;712;0;0;0;0;0;0;0;;0,75;0,75;1,00;0,00;0,00;0,00;14038,00;12537,00;13500,00;0,06;0,07;0,09;;0,75;0,75;1,00;0,00;0,00;0,00;2,75;0,00;0,00;2,97;3,01;1,23;0,69;0,00;0,74;0,75;1,00;0,93;0,91;
1.7.2015 02:45;001,2;000,0;;;;;22565;1644579;5816;183235;62;712;0;0;0;0;0;0;0;;0,75;0,75;1,00;0,00;0,00;0,00;14064,00;12528,00;13474,00;0,06;0,07;0,09;;0,75;0,75;1,00;0,00;0,00;0,00;2,75;0,00;0,00;2,97;3,01;1,23;0,69;0,00;0,74;0,75;1,00;0,93;0,91;
1.7.2015 03:00;001,1;000,0;;;;;22565;1644579;5816;183235;62;712;0;0;0;0;0;0;0;;0,50;0,75;1,00;0,00;0,00;0,00;14029,00;12532,00;13549,00;0,05;0,07;0,09;;0,50;0,75;1,00;0,00;0,00;0,00;2,50;0,00;0,00;2,66;2,75;1,14;0,62;0,00;0,67;0,69;1,00;0,94;0,91;
1.7.2015 03:15;001,0;000,0;;;;;22566;1644579;5816;183235;62;712;0;0;0;0;0;0;0;;0,50;0,75;1,00;0,00;0,00;0,00;14048,00;12571,00;13589,00;0,05;0,07;0,09;;0,50;0,75;1,00;0,00;0,00;0,00;2,50;0,00;0,00;2,70;2,80;1,25;0,62;0,00;0,68;0,70;1,00;0,92;0,89;
1.7.2015 03:30;001,0;000,0;;;;;22566;1644579;5816;183235;62;712;0;0;0;0;0;0;0;;0,50;0,75;1,00;0,00;0,00;0,00;14118,00;12540,00;13549,00;0,05;0,07;0,09;;0,50;0,75;1,00;0,00;0,00;0,00;2,50;0,00;0,00;2,70;2,80;1,25;0,62;0,00;0,68;0,70;1,00;0,93;0,89;
1.7.2015 03:45;001,1;000,0;;;;;22566;1644579;5816;183235;62;712;0;0;0;0;0;0;0;;0,50;0,75;1,00;0,00;0,00;0,00;14105,00;12521,00;13531,00;0,05;0,07;0,09;;0,50;0,75;1,00;0,00;0,00;0,00;2,50;0,00;0,00;2,70;2,79;1,24;0,62;0,00;0,67;0,70;1,00;0,93;0,90;
1.7.2015 04:00;001,0;000,0;;;;;22566;1644579;5816;183235;62;712;0;0;0;0;0;0;0;;0,50;0,75;1,00;0,00;0,00;0,00;14021,00;12514,00;13521,00;0,05;0,07;0,09;;0,50;0,75;1,00;0,00;0,00;0,00;2,50;0,00;0,00;2,66;2,74;1,13;0,62;0,00;0,66;0,69;1,00;0,94;0,91;
1.7.2015 04:15;001,1;000,0;;;;;22567;1644579;5816;183235;62;712;0;0;0;0;0;0;0;;0,50;0,75;1,00;0,00;0,00;0,00;14058,00;12502,00;13511,00;0,05;0,07;0,09;;0,50;0,75;1,00;0,00;0,00;0,00;2,50;0,00;0,00;2,69;2,79;1,23;0,62;0,00;0,67;0,70;1,00;0,93;0,90;
1.7.2015 04:30;001,0;000,0;;;;;22567;1644579;5816;183235;62;712;0;0;0;0;0;0;0;;0,50;0,75;1,00;0,00;0,00;0,00;14134,00;12579,00;13592,00;0,05;0,07;0,09;;0,50;0,75;1,00;0,00;0,00;0,00;2,50;0,00;0,00;2,74;2,84;1,34;0,62;0,00;0,69;0,71;1,00;0,91;0,88;
1.7.2015 04:45;001,1;000,0;;;;;22567;1644579;5816;183235;62;712;0;0;0;0;0;0;0;;0,50;0,75;1,00;0,00;0,00;0,00;14128,00;12573,00;13567,00;0,05;0,07;0,09;;0,50;0,75;1,00;0,00;0,00;0,00;2,50;0,00;0,00;2,74;2,83;1,33;0,62;0,00;0,68;0,71;1,00;0,91;0,88;
1.7.2015 05:00;000,3;000,1;;;;;22567;1644579;5816;183236;62;712;0;0;0;0;0;0;0;;-1,00;-0,75;0,00;1,25;0,00;0,75;14068,00;12496,00;13495,00;0,13;0,10;0,09;;1,75;1,25;1,25;0,71;1,00;1,00;-1,75;2,00;2,71;4,39;4,43;2,29;-0,44;0,50;1,10;1,11;0,41;-0,40;-0,39;
1.7.2015 05:15;000,0;002,1;;;;;22567;1644580;5816;183236;62;712;0;0;0;0;0;0;0;;-3,75;-3,00;-2,50;1,00;0,00;1,00;14093,00;12535,00;13536,00;0,28;0,26;0,24;;4,00;3,25;3,00;0,97;1,25;1,32;-9,50;2,25;3,54;10,55;10,58;2,04;-2,38;0,56;2,64;2,65;0,97;-0,90;-0,90;
1.7.2015 05:30;000,0;004,6;;;;;22567;1644581;5816;183236;62;712;0;0;0;0;0;0;0;;-4,50;-3,75;-3,50;1,00;0,00;1,25;14106,00;12513,00;13516,00;0,34;0,33;0,30;;4,75;4,00;4,00;1,15;1,39;1,48;-12,00;2,25;4,02;13,02;13,05;2,24;-3,00;0,56;3,25;3,26;0,98;-0,92;-0,92;
1.7.2015 05:45;000,0;006,1;;;;;22567;1644582;5816;183236;62;712;0;0;0;0;0;0;0;;-6,50;-5,75;-5,50;1,00;0,00;1,25;14101,00;12534,00;13494,00;0,49;0,48;0,44;;6,75;6,00;5,75;1,52;1,71;1,12;-18,25;2,50;4,35;18,79;18,84;NaN;-4,56;0,62;4,70;4,71;0,99;-0,97;-0,97;
1.7.2015 06:00;000,0;008,4;;;;;22567;1644584;5816;183237;62;712;0;0;0;0;0;0;0;;-8,75;-7,75;-7,50;1,00;0,50;1,50;14075,00;12478,00;13438,00;0,63;0,63;0,59;;8,75;7,75;7,75;nan;nan;1,25;-24,25;3,00;nan;24,73;24,77;NaN;-6,06;0,75;6,18;6,19;0,99;-0,98;-0,98;
1.7.2015 06:15;000,0;010,9;;;;;22567;1644587;5816;183237;62;712;0;0;0;0;0;0;0;;-10,75;-9,75;-10,00;1,00;0,50;1,50;13863,00;12386,00;13337,00;0,79;0,79;0,76;;11,00;9,75;10,00;2,11;nan;nan;-30,75;3,25;nan;31,07;31,11;NaN;-7,69;0,81;7,77;7,78;0,99;-0,99;-0,99;
1.7.2015 06:30;000,0;013,9;;;;;22567;1644591;5816;183237;62;712;0;0;0;0;0;0;0;;-14,50;-12,75;-13,25;1,00;0,50;2,00;13831,00;12371,00;13310,00;1,05;1,05;1,02;;14,50;13,00;13,50;nan;2,49;1,64;-40,75;3,75;nan;41,16;41,21;NaN;-10,19;0,94;10,29;10,30;1,00;-0,99;-0,99;
1.7.2015 06:45;000,0;019,7;;;;;22567;1644596;5816;183238;62;712;0;0;0;0;0;0;0;;-20,50;-18,25;-19,25;1,00;1,00;2,50;13816,00;12386,00;13312,00;1,49;1,50;1,47;;20,50;18,50;19,50;nan;2,86;1,85;-58,50;4,75;nan;58,77;58,84;NaN;-14,62;1,19;14,69;14,71;1,00;-1,00;-0,99;
1.7.2015 07:00;000,0;027,8;;;;;22567;1644603;5816;183238;62;712;0;0;0;0;0;0;0;;-28,75;-25,50;-27,00;1,25;1,00;3,75;13805,00;12336,00;13259,00;2,10;2,09;2,06;;28,75;25,50;27,25;nan;nan;nan;-81,50;6,50;nan;82,02;82,11;NaN;-20,38;1,62;20,51;20,53;1,00;-0,99;-0,99;
1.7.2015 07:15;000,0;038,5;;;;;22567;1644612;5816;183239;62;712;0;0;0;0;0;0;0;;-38,75;-34,50;-36,25;2,00;2,00;5,25;13757,00;12333,00;13266,00;2,82;2,82;2,78;;38,75;34,50;36,75;nan;nan;2,99;-109,75;9,50;nan;110,46;110,57;NaN;-27,44;2,38;27,61;27,64;1,00;-0,99;-0,99;
1.7.2015 07:30;000,0;051,5;;;;;22567;1644625;5816;183240;62;712;0;0;0;0;0;0;0;;-53,00;-47,50;-50,25;3,50;3,50;8,00;13725,00;12321,00;13231,00;3,88;3,87;3,85;;53,00;47,50;50,75;nan;nan;nan;-150,75;15,00;nan;151,87;152,02;NaN;-37,69;3,75;37,97;38,01;1,00;-0,99;-0,99;
1.7.2015 07:45;000,0;069,3;;;;;22567;1644643;5816;183242;62;712;0;0;0;0;0;0;0;;-67,75;-61,00;-64,75;3,75;4,00;9,25;13777,00;12323,00;13255,00;4,93;4,97;4,95;;67,75;61,25;65,50;nan;3,82;3,48;-193,75;17,50;nan;194,78;195,01;NaN;-48,44;4,38;48,69;48,75;1,00;-0,99;-0,99;
1.7.2015 08:00;000,0;074,6;;;;;22567;1644661;5816;183244;62;712;0;0;0;0;0;0;0;;-33,75;-30,50;-32,25;2,00;2,25;4,75;13794,00;12329,00;13282,00;2,45;2,48;2,47;;33,75;30,50;32,75;nan;nan;3,15;-96,50;9,00;nan;97,24;97,37;NaN;-24,12;2,25;24,31;24,34;1,00;-0,99;-0,99;
1.7.2015 08:15;000,0;062,1;;;;;22567;1644677;5816;183245;62;712;0;0;0;0;0;0;0;;-46,25;-41,75;-44,00;3,00;3,00;6,50;13753,00;12332,00;13287,00;3,38;3,40;3,36;;46,50;41,75;44,50;3,77;nan;1,41;-132,25;12,75;nan;133,03;133,18;NaN;-33,06;3,19;33,26;33,30;1,00;-0,99;-0,99;
1.7.2015 08:30;000,0;100,1;;;;;22567;1644702;5816;183248;62;712;0;0;0;0;0;0;0;;-108,00;-97,00;-103,25;8,00;8,50;17,25;13757,00;12317,00;13270,00;7,89;7,91;7,90;;108,50;97,25;104,75;6,65;nan;3,80;-308,50;34,00;nan;310,83;311,17;NaN;-77,12;8,50;77,71;77,79;0,99;-0,99;-0,99;
1.7.2015 08:45;000,0;129,8;;;;;22567;1644734;5816;183251;62;712;0;0;0;0;0;0;0;;-118,50;-106,00;-113,50;7,25;8,50;18,00;13783,00;12348,00;13271,00;8,62;8,63;8,66;;118,75;106,50;114,75;2,60;5,83;nan;-338,00;34,25;nan;340,27;340,62;NaN;-84,50;8,56;85,07;85,15;0,99;-0,99;-0,99;
1.7.2015 09:00;000,0;141,8;;;;;22567;1644770;5816;183255;62;712;0;0;0;0;0;0;0;;-128,50;-114,75;-123,00;8,25;10,00;20,25;13795,00;12346,00;13272,00;9,34;9,36;9,41;;128,75;115,25;124,75;nan;3,87;4,85;-366,50;38,75;nan;369,30;369,69;NaN;-91,62;9,69;92,33;92,42;0,99;-0,99;-0,99;
1.7.2015 09:15;000,0;154,5;;;;;22567;1644809;5816;183259;62;712;0;0;0;0;0;0;0;;-143,00;-128,00;-136,75;10,25;11,75;23,50;13773,00;12334,00;13262,00;10,42;10,43;10,47;;143,50;128,50;138,75;6,18;nan;nan;-407,75;45,75;nan;410,98;411,40;NaN;-101,94;11,44;102,75;102,85;0,99;-0,99;-0,99;
1.7.2015 09:30;000,0;166,4;;;;;22567;1644850;5816;183264;62;712;0;0;0;0;0;0;0;;-149,75;-134,25;-143,25;11,50;13,00;24,75;13747,00;12352,00;13266,00;10,93;10,94;10,98;;150,25;135,00;145,50;4,21;5,74;6,09;-427,50;49,50;16,05;431,02;431,43;25,90;-106,88;12,38;107,75;107,86;0,99;-0,99;-0,99;
1.7.2015 09:45;000,0;175,6;;;;;22567;1644894;5816;183269;62;712;0;0;0;0;0;0;0;;-156,50;-141,00;-150,00;12,75;14,00;26,00;13738,00;12381,00;13291,00;11,44;11,45;11,47;;157,00;141,75;152,50;nan;4,01;8,96;-447,75;53,00;nan;451,44;451,86;NaN;-111,94;13,25;112,86;112,96;0,99;-0,99;-0,99;
1.7.2015 10:00;000,0;185,3;;;;;22567;1644941;5816;183275;62;712;0;0;0;0;0;0;0;;-166,50;-149,00;-158,75;14,00;15,00;28,75;13861,00;12417,00;13342,00;12,06;12,06;12,10;;167,00;149,75;161,25;nan;nan;nan;-474,25;58,00;nan;478,42;478,90;NaN;-118,56;14,50;119,60;119,73;0,99;-0,99;-0,99;
1.7.2015 10:15;000,0;192,6;;;;;22567;1644989;5816;183281;62;712;0;0;0;0;0;0;0;;-171,75;-153,75;-164,00;14,75;16,00;30,00;13851,00;12408,00;13340,00;12,45;12,47;12,50;;172,25;154,50;166,75;nan;nan;3,09;-489,50;61,00;nan;493,92;494,44;NaN;-122,38;15,25;123,48;123,61;0,99;-0,99;-0,99;
1.7.2015 10:30;000,0;202,4;;;;;22567;1645040;5816;183287;62;712;0;0;0;0;0;0;0;;-182,75;-163,50;-175,00;13,75;15,75;30,25;13869,00;12421,00;13353,00;13,23;13,23;13,31;;183,25;164,25;177,75;nan;nan;7,42;-521,50;59,75;nan;525,51;526,04;NaN;-130,38;14,94;131,38;131,51;0,99;-0,99;-0,99;
1.7.2015 10:45;000,0;212,1;;;;;22567;1645093;5816;183294;62;712;0;0;0;0;0;0;0;;-188,25;-168,50;-180,00;14,50;16,25;31,50;13869,00;12428,00;13335,00;13,62;13,64;13,71;;189,00;169,50;182,75;8,53;8,60;2,30;-537,00;62,50;19,43;541,27;541,82;30,35;-134,25;15,62;135,32;135,46;0,99;-0,99;-0,99;
1.7.2015 11:00;000,0;220,3;;;;;22567;1645148;5816;183300;62;712;0;0;0;0;0;0;0;;-193,25;-172,75;-184,75;15,25;17,00;33,00;13880,00;12430,00;13357,00;13,98;13,98;14,06;;194,00;173,75;187,75;7,61;7,58;5,34;-551,00;65,25;20,53;555,68;556,24;33,53;-137,75;16,31;138,92;139,06;0,99;-0,99;-0,99;
1.7.2015 11:15;000,0;247,2;;;;;22567;1645210;5816;183308;62;712;0;0;0;0;0;0;0;;-222,50;-199,00;-212,00;20,25;21,50;40,25;13869,00;12420,00;13329,00;16,13;16,13;16,20;;223,50;200,25;215,75;5,99;6,07;nan;-634,00;82,50;nan;639,97;640,62;NaN;-158,50;20,62;159,99;160,15;0,99;-0,99;-0,99;
1.7.2015 11:30;000,0;256,2;;;;;22567;1645274;5816;183316;62;712;0;0;0;0;0;0;0;;-226,25;-202,25;-215,25;21,25;22,25;41,50;13816,00;12376,00;13290,00;16,47;16,45;16,51;;227,25;203,50;219,25;1,39;3,48;3,97;-644,25;85,25;8,84;650,58;651,23;41,19;-161,06;21,31;162,64;162,81;0,99;-0,99;-0,99;
1.7.2015 11:45;000,0;263,4;;;;;22567;1645340;5816;183325;62;712;0;0;0;0;0;0;0;;-235,75;-211,25;-225,25;23,00;24,75;43,50;13828,00;12401,00;13315,00;17,14;17,17;17,23;;237,00;212,75;229,25;7,87;4,84;nan;-672,50;91,25;nan;679,36;680,05;NaN;-168,12;22,81;169,84;170,01;0,99;-0,99;-0,99;
1.7.2015 12:00;000,0;240,0;;;;;22567;1645400;5816;183333;62;712;0;0;0;0;0;0;0;;-249,25;-222,50;-236,25;26,00;26,25;48,00;13820,00;12358,00;13261,00;18,14;18,14;18,20;;250,50;224,25;241,25;nan;9,63;9,14;-708,25;100,75;nan;716,29;717,03;NaN;-177,06;25,19;179,07;179,26;0,99;-0,99;-0,99;
1.7.2015 12:15;000,0;276,0;;;;;22567;1645469;5816;183343;62;712;0;0;0;0;0;0;0;;-241,25;-215,50;-229,00;24,75;25,00;46,25;13747,00;12301,00;13203,00;17,65;17,65;17,70;;242,50;217,00;233,50;nan;4,87;nan;-686,00;96,50;nan;693,44;694,15;NaN;-171,50;24,12;173,36;173,54;0,99;-0,99;-0,99;
1.7.2015 12:30;000,0;274,3;;;;;22567;1645537;5816;183352;62;712;0;0;0;0;0;0;0;;-243,50;-217,50;-230,50;25,50;25,25;46,75;13773,00;12319,00;13207,00;17,78;17,78;17,82;;244,75;219,00;235,25;nan;4,15;5,17;-691,50;97,75;nan;699,26;699,99;NaN;-172,88;24,44;174,82;175,00;0,99;-0,99;-0,99;
1.7.2015 12:45;000,0;267,5;;;;;22567;1645604;5816;183362;62;712;0;0;0;0;0;0;0;;-273,50;-244,50;-259,00;32,00;31,50;55,50;13791,00;12353,00;13240,00;19,98;19,97;20,01;;275,50;246,50;265,00;8,60;nan;7,98;-777,25;119,00;nan;787,20;787,99;NaN;-194,31;29,75;196,80;197,00;0,99;-0,99;-0,99;
1.7.2015 13:00;000,0;237,7;;;;;22567;1645663;5816;183370;62;712;0;0;0;0;0;0;0;;-76,00;-68,25;-72,50;4,25;5,00;11,25;13624,00;12228,00;13126,00;5,60;5,60;5,61;;76,25;68,25;73,50;4,47;nan;4,41;-217,00;20,75;nan;218,44;218,66;NaN;-54,25;5,19;54,61;54,66;1,00;-0,99;-0,99;
1.7.2015 13:15;000,0;074,3;;;;;22567;1645681;5816;183372;62;712;0;0;0;0;0;0;0;;-50,00;-45,00;-47,75;3,00;3,00;7,00;13552,00;12145,00;13056,00;3,71;3,72;3,70;;50,25;45,00;48,25;4,01;nan;nan;-143,00;13,25;nan;143,76;143,92;NaN;-35,75;3,31;35,94;35,98;1,00;-0,99;-0,99;
1.7.2015 13:30;000,0;066,4;;;;;22567;1645698;5816;183373;62;712;0;0;0;0;0;0;0;;-74,50;-66,75;-71,00;4,50;4,75;11,00;13636,00;12221,00;13130,00;5,49;5,49;5,49;;74,75;67,00;72,00;4,13;3,30;4,69;-212,75;20,75;12,12;214,04;214,26;8,09;-53,19;5,19;53,51;53,56;1,00;-0,99;-0,99;
1.7.2015 13:45;000,0;098,7;;;;;22567;1645722;5816;183376;62;712;0;0;0;0;0;0;0;;-85,25;-76,50;-81,50;5,75;6,00;12,75;13670,00;12253,00;13196,00;6,26;6,28;6,26;;85,50;76,75;82,50;3,10;1,52;1,20;-243,50;24,75;5,82;245,06;245,33;15,76;-60,88;6,19;61,26;61,33;0,99;-0,99;-0,99;
1.7.2015 14:00;000,0;122,3;;;;;22567;1645753;5816;183379;62;712;0;0;0;0;0;0;0;;-112,00;-99,75;-107,25;6,25;7,25;16,75;13860,00;12341,00;13302,00;8,10;8,12;8,18;;112,25;100,25;108,75;4,12;6,89;6,59;-319,25;30,25;17,60;321,31;321,69;18,43;-79,81;7,56;80,33;80,42;1,00;-0,99;-0,99;
1.7.2015 14:15;000,0;177,4;;;;;22567;1645798;5816;183384;62;712;0;0;0;0;0;0;0;;-127,00;-114,00;-122,25;7,50;9,00;19,00;13838,00;12387,00;13349,00;9,22;9,24;9,30;;127,25;114,25;123,75;2,70;nan;2,83;-363,50;35,75;nan;366,22;366,61;NaN;-90,88;8,94;91,55;91,65;1,00;-0,99;-0,99;
1.7.2015 14:30;000,0;197,4;;;;;22567;1645847;5816;183390;62;712;0;0;0;0;0;0;0;;-163,00;-145,75;-156,25;11,00;12,50;26,00;13868,00;12418,00;13387,00;11,80;11,80;11,84;;163,50;146,25;158,25;6,50;nan;nan;-465,25;49,75;nan;468,51;468,99;NaN;-116,31;12,44;117,13;117,25;0,99;-0,99;-0,99;
1.7.2015 14:45;000,0;255,5;;;;;22567;1645911;5816;183398;62;712;0;0;0;0;0;0;0;;-239,50;-213,75;-227,00;23,25;23,25;44,50;13958,00;12467,00;13395,00;17,24;17,25;17,28;;240,50;215,00;231,50;nan;nan;9,11;-680,25;91,25;nan;687,29;688,03;NaN;-170,06;22,81;171,82;172,01;0,99;-0,99;-0,99;
1.7.2015 15:00;000,0;171,8;;;;;22567;1645954;5816;183403;62;712;0;0;0;0;0;0;0;;-73,25;-65,50;-69,75;4,00;4,25;10,50;13834,00;12360,00;13306,00;5,30;5,31;5,31;;73,25;65,50;70,75;nan;nan;5,50;-208,50;19,25;nan;209,71;209,94;NaN;-52,12;4,81;52,43;52,48;1,00;-0,99;-0,99;
1.7.2015 15:15;000,0;078,2;;;;;22567;1645973;5816;183405;62;712;0;0;0;0;0;0;0;;-77,00;-69,25;-73,75;4,50;5,00;11,00;13755,00;12360,00;13296,00;5,62;5,63;5,62;;77,25;69,50;74,75;4,28;3,11;5,24;-220,50;21,00;12,64;221,74;221,97;7,03;-55,12;5,25;55,44;55,49;1,00;-0,99;-0,99;
1.7.2015 15:30;000,0;174,6;;;;;22567;1646017;5816;183410;62;712;0;0;0;0;0;0;0;;-223,75;-200,50;-213,50;20,50;21,25;40,00;13888,00;12480,00;13407,00;16,18;16,17;16,20;;224,75;201,75;217,25;5,32;7,16;3,91;-638,00;82,00;16,39;643,77;644,38;34,55;-159,50;20,50;160,94;161,10;0,99;-0,99;-0,99;
1.7.2015 15:45;000,0;230,8;;;;;22567;1646075;5816;183417;62;712;0;0;0;0;0;0;0;;-148,00;-132,00;-141,75;9,50;11,00;23,25;13854,00;12395,00;13345,00;10,70;10,71;10,77;;148,25;132,50;143,75;nan;3,35;5,52;-422,00;43,75;nan;424,82;425,26;NaN;-105,50;10,94;106,20;106,31;0,99;-0,99;-0,99;
1.7.2015 16:00;000,0;201,9;;;;;22567;1646125;5816;183423;62;712;0;0;0;0;0;0;0;;-185,00;-165,25;-176,75;14,00;15,50;30,75;13933,00;12473,00;13399,00;13,32;13,32;13,39;;185,50;166,00;179,50;nan;2,86;5,84;-527,00;60,25;nan;531,21;531,75;NaN;-131,75;15,06;132,80;132,94;0,99;-0,99;-0,99;
1.7.2015 16:15;000,0;164,9;;;;;22567;1646166;5816;183427;62;712;0;0;0;0;0;0;0;;-49,00;-43,75;-46,50;2,50;2,75;6,75;13840,00;12404,00;13329,00;3,55;3,54;3,54;;49,00;43,75;47,00;nan;nan;1,09;-139,25;12,25;nan;140,16;140,30;NaN;-34,81;3,06;35,04;35,07;1,00;-0,99;-0,99;
1.7.2015 16:30;000,0;123,3;;;;;22567;1646197;5816;183431;62;712;0;0;0;0;0;0;0;;-126,00;-112,75;-120,25;8,25;9,00;19,50;13905,00;12446,00;13388,00;9,09;9,09;9,11;;126,25;113,00;122,00;nan;nan;6,61;-359,25;37,00;nan;361,56;361,93;NaN;-89,81;9,25;90,39;90,48;0,99;-0,99;-0,99;
1.7.2015 16:45;000,0;163,2;;;;;22567;1646238;5816;183435;62;712;0;0;0;0;0;0;0;;-119,75;-107,25;-114,50;7,50;8,50;18,25;13856,00;12409,00;13364,00;8,66;8,67;8,69;;120,00;107,50;116,00;1,92;nan;3,56;-341,50;34,75;nan;343,84;344,20;NaN;-85,38;8,69;85,96;86,05;0,99;-0,99;-0,99;
1.7.2015 17:00;000,0;144,7;;;;;22567;1646274;5816;183439;62;712;0;0;0;0;0;0;0;;-128,75;-115,00;-122,75;8,50;9,50;20,25;13869,00;12440,00;13359,00;9,31;9,29;9,32;;129,00;115,50;124,50;nan;5,00;4,76;-366,75;38,25;nan;369,16;369,51;NaN;-91,69;9,56;92,29;92,38;0,99;-0,99;-0,99;
1.7.2015 17:15;000,0;137,6;;;;;22567;1646309;5816;183443;62;712;0;0;0;0;0;0;0;;-113,50;-101,50;-108,25;6,75;7,75;17,25;13900,00;12448,00;13365,00;8,19;8,18;8,23;;113,75;101,75;109,75;3,35;nan;5,43;-323,50;32,25;nan;325,59;325,92;NaN;-80,88;8,06;81,40;81,48;1,00;-0,99;-0,99;
1.7.2015 17:30;000,0;123,2;;;;;22567;1646339;5816;183446;62;712;0;0;0;0;0;0;0;;-99,25;-89,00;-95,00;5,50;6,25;14,50;13906,00;12491,00;13420,00;7,16;7,15;7,16;;99,50;89,25;96,00;4,41;2,35;nan;-283,25;26,50;nan;285,03;285,30;NaN;-70,81;6,62;71,26;71,33;1,00;-0,99;-0,99;
1.7.2015 17:45;000,0;110,4;;;;;22567;1646367;5816;183448;62;712;0;0;0;0;0;0;0;;-85,75;-76,75;-82,25;4,25;5,25;12,25;13928,00;12506,00;13439,00;6,17;6,16;6,20;;86,00;77,00;83,25;4,99;3,30;3,93;-245,00;22,25;12,21;246,36;246,59;11,76;-61,25;5,56;61,59;61,65;1,00;-0,99;-0,99;
1.7.2015 18:00;000,0;093,1;;;;;22567;1646390;5816;183450;62;712;0;0;0;0;0;0;0;;-70,00;-62,25;-67,00;3,00;4,25;10,25;14005,00;12500,00;13451,00;5,02;5,01;5,07;;70,25;62,50;68,00;5,11;3,62;5,47;-199,75;17,75;14,20;201,13;201,33;10,88;-49,94;4,44;50,28;50,33;1,00;-0,99;-0,99;
1.7.2015 18:15;000,0;044,9;;;;;22567;1646401;5816;183451;62;712;0;0;0;0;0;0;0;;-49,75;-44,25;-47,00;3,00;3,00;7,25;13971,00;12496,00;13466,00;3,57;3,57;3,55;;49,75;44,50;47,75;nan;3,63;4,30;-141,25;13,50;nan;142,19;142,35;NaN;-35,31;3,38;35,55;35,59;1,00;-0,99;-0,99;
1.7.2015 18:30;000,0;045,8;;;;;22567;1646412;5816;183452;62;712;0;0;0;0;0;0;0;;-35,00;-31,25;-32,75;2,00;1,50;4,75;13920,00;12482,00;13416,00;2,53;2,52;2,49;;35,00;31,50;33,25;nan;3,67;3,23;-99,50;8,50;nan;99,97;100,08;NaN;-24,88;2,12;24,99;25,02;1,00;-1,00;-0,99;
1.7.2015 18:45;000,0;039,1;;;;;22567;1646422;5816;183453;62;712;0;0;0;0;0;0;0;;-31,25;-28,00;-29,50;1,75;1,50;4,25;13862,00;12471,00;13379,00;2,27;2,27;2,23;;31,50;28,00;29,75;3,55;nan;nan;-89,25;7,50;nan;89,65;89,74;NaN;-22,31;1,88;22,41;22,43;1,00;-1,00;-0,99;
1.7.2015 19:00;000,0;029,6;;;;;22567;1646430;5816;183454;62;712;0;0;0;0;0;0;0;;-21,50;-19,25;-20,25;1,25;1,00;2,75;13881,00;12446,00;13382,00;1,57;1,56;1,54;;21,75;19,25;20,50;3,04;nan;1,62;-61,50;5,25;nan;61,84;61,91;NaN;-15,38;1,31;15,46;15,48;1,00;-0,99;-0,99;
1.7.2015 19:15;000,0;020,4;;;;;22567;1646435;5816;183454;62;712;0;0;0;0;0;0;0;;-13,25;-11,75;-12,25;1,00;0,75;2,00;13892,00;12476,00;13384,00;0,97;0,96;0,94;;13,25;11,75;12,50;nan;nan;1,48;-37,75;4,00;nan;38,07;38,10;NaN;-9,44;1,00;9,52;9,53;0,99;-0,99;-0,99;
1.7.2015 19:30;000,0;013,3;;;;;22567;1646438;5816;183455;62;712;0;0;0;0;0;0;0;;-9,75;-8,75;-9,00;1,00;0,50;1,50;13860,00;12436,00;13330,00;0,72;0,72;0,69;;9,75;8,75;9,00;nan;nan;nan;-27,50;3,50;nan;28,00;28,03;NaN;-6,88;0,88;7,00;7,01;0,99;-0,98;-0,98;
1.7.2015 19:45;000,0;009,6;;;;;22567;1646440;5816;183455;62;712;0;0;0;0;0;0;0;;-7,00;-6,00;-6,25;1,00;0,50;1,50;13917,00;12463,00;13396,00;0,51;0,51;0,49;;7,00;6,25;6,50;nan;1,68;0,97;-19,50;3,25;nan;19,99;20,01;NaN;-4,88;0,81;5,00;5,00;0,99;-0,98;-0,97;
1.7.2015 20:00;000,0;006,6;;;;;22567;1646442;5816;183455;62;712;0;0;0;0;0;0;0;;-5,00;-4,25;-4,25;1,00;0,50;1,25;13903,00;12430,00;13372,00;0,37;0,36;0,35;;5,00;4,50;4,50;nan;1,39;0,79;-13,50;3,00;nan;14,33;14,35;NaN;-3,38;0,75;3,58;3,59;0,98;-0,94;-0,94;
1.7.2015 20:15;000,0;004,3;;;;;22567;1646443;5816;183456;62;712;0;0;0;0;0;0;0;;-3,00;-2,50;-2,50;1,00;0,50;1,00;13852,00;12408,00;13347,00;0,24;0,23;0,22;;3,25;2,75;2,75;0,75;1,03;0,56;-8,25;2,75;2,34;9,25;9,26;2,15;-2,06;0,69;2,31;2,31;0,94;-0,89;-0,89;
1.7.2015 20:30;000,0;002,4;;;;;22567;1646444;5816;183456;62;712;0;0;0;0;0;0;0;;-1,00;-0,75;-0,25;1,00;0,50;0,75;13878,00;12391,00;13336,00;0,13;0,11;0,10;;1,75;1,25;1,25;1,03;0,87;0,97;-2,25;2,50;2,87;4,40;4,42;0,18;-0,56;0,62;1,10;1,11;0,44;-0,51;-0,51;
1.7.2015 20:45;000,6;000,1;;;;;22567;1646444;5817;183456;62;712;0;0;0;0;0;0;0;;0,75;0,75;1,00;0,00;0,00;0,00;13900,00;12379,00;13322,00;0,07;0,07;0,09;;0,75;0,75;1,00;0,00;0,00;0,00;2,75;0,00;0,00;3,00;3,03;1,28;0,69;0,00;0,75;0,76;1,00;0,92;0,91;
1.7.2015 21:00;001,1;000,0;;;;;22568;1646444;5817;183456;62;712;0;0;0;0;0;0;0;;0,75;0,75;1,00;0,00;0,00;0,00;13846,00;12387,00;13330,00;0,07;0,07;0,09;;0,75;0,75;1,00;0,00;0,00;0,00;2,75;0,00;0,00;3,00;3,03;1,27;0,69;0,00;0,75;0,76;1,00;0,92;0,91;
1.7.2015 21:15;001,2;000,0;;;;;22568;1646444;5817;183456;62;712;0;0;0;0;0;0;0;;0,75;0,75;1,00;0,00;0,00;0,00;13834,00;12366,00;13315,00;0,07;0,07;0,09;;0,75;0,75;1,00;0,00;0,00;0,00;2,75;0,00;0,00;2,97;3,00;1,19;0,69;0,00;0,74;0,75;1,00;0,93;0,92;
1.7.2015 21:30;001,2;000,0;;;;;22568;1646444;5817;183456;62;712;0;0;0;0;0;0;0;;0,75;0,75;1,00;0,00;0,00;0,00;13856,00;12363,00;13323,00;0,07;0,07;0,09;;0,75;0,75;1,00;0,00;0,00;0,00;2,75;0,00;0,00;2,97;3,00;1,20;0,69;0,00;0,74;0,75;1,00;0,93;0,92;
1.7.2015 21:45;001,2;000,0;;;;;22569;1646444;5817;183456;62;712;0;0;0;0;0;0;0;;0,75;0,75;1,00;0,00;0,00;0,00;13880,00;12385,00;13355,00;0,07;0,07;0,09;;0,75;0,75;1,00;0,00;0,00;0,00;2,75;0,00;0,00;3,01;3,03;1,28;0,69;0,00;0,75;0,76;1,00;0,91;0,91;
1.7.2015 22:00;001,2;000,0;;;;;22569;1646444;5817;183456;62;712;0;0;0;0;0;0;0;;0,75;0,75;1,00;0,00;0,00;0,00;13888,00;12372,00;13332,00;0,07;0,07;0,09;;0,75;0,75;1,00;0,00;0,00;0,00;2,75;0,00;0,00;3,00;3,03;1,28;0,69;0,00;0,75;0,76;1,00;0,92;0,91;
1.7.2015 22:15;001,2;000,0;;;;;22569;1646444;5817;183456;62;712;0;0;0;0;0;0;0;;0,75;0,75;1,00;0,00;0,00;0,00;13927,00;12401,00;13345,00;0,07;0,07;0,09;;0,75;0,75;1,00;0,00;0,00;0,00;2,75;0,00;0,00;3,01;3,04;1,29;0,69;0,00;0,75;0,76;1,00;0,91;0,91;
1.7.2015 22:30;001,2;000,0;;;;;22570;1646444;5817;183456;62;712;0;0;0;0;0;0;0;;0,75;0,75;1,00;0,00;0,00;0,00;13939,00;12445,00;13401,00;0,07;0,07;0,09;;0,75;0,75;1,00;0,00;0,00;0,00;3,00;0,00;0,00;3,05;3,08;0,68;0,75;0,00;0,76;0,77;1,00;0,98;0,98;
1.7.2015 22:45;001,2;000,0;;;;;22570;1646444;5817;183456;62;712;0;0;0;0;0;0;0;;0,75;0,75;1,00;0,00;0,00;0,00;13933,00;12446,00;13411,00;0,07;0,07;0,09;;0,75;0,75;1,00;0,00;0,00;0,00;3,00;0,00;0,00;3,02;3,05;0,53;0,75;0,00;0,75;0,76;1,00;0,99;0,98;
1.7.2015 23:00;001,2;000,0;;;;;22570;1646444;5817;183456;62;712;0;0;0;0;0;0;0;;0,75;0,75;1,00;0,00;0,00;0,00;13914,00;12368,00;13335,00;0,07;0,07;0,09;;0,75;0,75;1,00;0,00;0,00;0,00;2,75;0,00;0,00;3,01;3,03;1,28;0,69;0,00;0,75;0,76;1,00;0,92;0,91;
1.7.2015 23:15;001,2;000,0;;;;;22570;1646444;5817;183456;62;712;0;0;0;0;0;0;0;;0,75;0,75;1,00;0,00;0,00;0,00;13943,00;12394,00;13357,00;0,07;0,07;0,09;;0,75;0,75;1,00;0,00;0,00;0,00;2,75;0,00;0,00;3,01;3,04;1,30;0,69;0,00;0,75;0,76;1,00;0,91;0,90;
1.7.2015 23:30;001,2;000,0;;;;;22571;1646444;5817;183456;62;712;0;0;0;0;0;0;0;;0,75;0,75;1,00;0,00;0,00;0,00;14000,00;12454,00;13433,00;0,07;0,07;0,09;;0,75;0,75;1,00;0,00;0,00;0,00;3,00;0,00;0,00;3,09;3,12;0,87;0,75;0,00;0,77;0,78;1,00;0,97;0,96;
1.7.2015 23:45;001,2;000,0;;;;;22571;1646444;5817;183456;62;712;0;0;0;0;0;0;0;;0,75;0,75;1,00;0,00;0,00;0,00;13999,00;12432,00;13399,00;0,07;0,07;0,09;;0,75;0,75;1,00;0,00;0,00;0,00;3,00;0,00;0,00;3,06;3,08;0,70;0,75;0,00;0,76;0,77;1,00;0,98;0,97;
2.7.2015 00:00;001,2;000,0;;;;;22571;1646444;5817;183456;62;712;0;0;0;0;0;0;0;;0,75;0,75;1,00;0,00;0,00;0,00;14068,00;12505,00;13484,00;0,07;0,07;0,09;;0,75;0,75;1,25;0,00;0,00;0,75;3,00;0,00;0,75;3,11;3,14;0,53;0,75;0,00;0,78;0,78;1,00;0,97;0,96;
2.7.2015 00:15;001,2;000,0;;;;;22572;1646444;5817;183456;62;712;0;0;0;0;0;0;0;;0,75;0,75;1,00;0,00;0,00;0,00;13986,00;12503,00;13471,00;0,07;0,07;0,09;;0,75;0,75;1,00;0,00;0,00;0,00;3,00;0,00;0,00;3,10;3,13;0,89;0,75;0,00;0,78;0,78;1,00;0,97;0,96;
2.7.2015 00:30;001,2;000,0;;;;;22572;1646444;5817;183456;62;712;0;0;0;0;0;0;0;;0,75;0,75;1,00;0,00;0,00;0,00;14000,00;12479,00;13446,00;0,07;0,07;0,09;;0,75;0,75;1,00;0,00;0,00;0,00;3,00;0,00;0,00;3,06;3,09;0,73;0,75;0,00;0,77;0,77;1,00;0,98;0,97;
2.7.2015 00:45;001,2;000,0;;;;;22572;1646444;5817;183456;62;712;0;0;0;0;0;0;0;;0,75;0,75;1,00;0,00;0,00;0,00;14044,00;12530,00;13497,00;0,07;0,07;0,09;;0,75;0,75;1,25;0,00;0,00;0,75;3,00;0,00;0,75;3,11;3,14;0,53;0,75;0,00;0,78;0,78;1,00;0,97;0,96;
2.7.2015 01:00;001,3;000,0;;;;;22573;1646444;5817;183456;62;712;0;0;0;0;0;0;0;;0,75;0,75;1,00;0,00;0,00;0,00;14000,00;12529,00;13498,00;0,07;0,07;0,09;;0,75;0,75;1,25;0,00;0,00;0,75;3,00;0,00;0,75;3,11;3,13;0,51;0,75;0,00;0,78;0,78;1,00;0,97;0,96;
2.7.2015 01:15;001,2;000,0;;;;;22573;1646444;5817;183456;62;712;0;0;0;0;0;0;0;;0,75;0,75;1,25;0,00;0,00;0,00;14079,00;12600,00;13583,00;0,07;0,07;0,09;;1,00;0,75;1,25;0,66;0,00;0,00;3,00;0,00;0,66;3,12;3,15;0,71;0,75;0,00;0,78;0,79;1,00;0,96;0,95;
2.7.2015 01:30;001,2;000,0;;;;;22573;1646444;5817;183456;62;712;0;0;0;0;0;0;0;;0,75;0,75;1,25;0,00;0,00;0,00;14128,00;12594,00;13573,00;0,07;0,07;0,09;;1,00;0,75;1,25;0,66;0,00;0,00;3,00;0,00;0,66;3,13;3,16;0,72;0,75;0,00;0,78;0,79;1,00;0,96;0,95;
2.7.2015 01:45;001,3;000,0;;;;;22574;1646444;5817;183456;62;712;0;0;0;0;0;0;0;;0,75;0,75;1,25;0,00;0,00;0,00;14077,00;12576,00;13545,00;0,07;0,07;0,09;;1,00;0,75;1,25;0,66;0,00;0,00;3,00;0,00;0,66;3,12;3,15;0,69;0,75;0,00;0,78;0,79;1,00;0,96;0,95;
2.7.2015 02:00;001,2;000,0;;;;;22574;1646444;5817;183456;62;712;0;0;0;0;0;0;0;;0,75;0,75;1,00;0,00;0,00;0,00;14027,00;12518,00;13498,00;0,07;0,07;0,09;;0,75;0,75;1,25;0,00;0,00;0,75;3,00;0,00;0,75;3,11;3,14;0,52;0,75;0,00;0,78;0,78;1,00;0,97;0,96;
2.7.2015 02:15;001,2;000,0;;;;;22574;1646444;5817;183456;62;712;0;0;0;0;0;0;0;;0,75;0,75;1,25;0,00;0,00;0,00;14044,00;12574,00;13551,00;0,07;0,07;0,09;;0,75;0,75;1,25;0,00;0,00;0,00;3,00;0,00;0,00;3,12;3,15;0,95;0,75;0,00;0,78;0,79;1,00;0,96;0,95;
2.7.2015 02:30;001,2;000,0;;;;;22574;1646444;5817;183456;62;712;0;0;0;0;0;0;0;;0,75;0,75;1,25;0,00;0,00;0,00;14107,00;12570,00;13554,00;0,07;0,07;0,09;;1,00;0,75;1,25;0,66;0,00;0,00;3,00;0,00;0,66;3,12;3,15;0,70;0,75;0,00;0,78;0,79;1,00;0,96;0,95;
2.7.2015 02:45;001,2;000,0;;;;;22575;1646444;5817;183456;62;712;0;0;0;0;0;0;0;;0,75;0,75;1,00;0,00;0,00;0,00;14113,00;12570,00;13548,00;0,06;0,07;0,09;;0,75;0,75;1,00;0,00;0,00;0,00;2,75;0,00;0,00;2,98;3,02;1,26;0,69;0,00;0,75;0,76;1,00;0,92;0,91;
2.7.2015 03:00;001,2;000,0;;;;;22575;1646444;5817;183456;62;712;0;0;0;0;0;0;0;;0,75;0,75;1,00;0,00;0,00;0,00;14074,00;12557,00;13543,00;0,06;0,07;0,09;;0,75;0,75;1,00;0,00;0,00;0,00;2,75;0,00;0,00;2,98;3,02;1,25;0,69;0,00;0,74;0,75;1,00;0,92;0,91;
2.7.2015 03:15;001,2;000,0;;;;;22575;1646444;5817;183456;62;712;0;0;0;0;0;0;0;;0,75;0,75;1,00;0,00;0,00;0,00;14134,00;12581,00;13557,00;0,06;0,07;0,09;;0,75;0,75;1,25;0,00;0,00;0,75;2,75;0,00;0,75;2,98;3,03;1,02;0,69;0,00;0,75;0,76;1,00;0,92;0,91;
2.7.2015 03:30;001,2;000,0;;;;;22576;1646444;5817;183456;62;712;0;0;0;0;0;0;0;;0,75;0,75;1,00;0,00;0,00;0,00;14076,00;12573,00;13544,00;0,06;0,07;0,09;;0,75;0,75;1,00;0,00;0,00;0,00;2,75;0,00;0,00;2,98;3,02;1,25;0,69;0,00;0,74;0,76;1,00;0,92;0,91;
2.7.2015 03:45;001,1;000,0;;;;;22576;1646444;5817;183456;62;712;0;0;0;0;0;0;0;;0,50;0,75;1,00;0,00;0,00;0,00;14138,00;12586,00;13550,00;0,05;0,07;0,09;;0,50;0,75;1,00;0,00;0,00;0,00;2,50;0,00;0,00;2,71;2,80;1,26;0,62;0,00;0,68;0,70;1,00;0,92;0,89;
2.7.2015 04:00;001,0;000,0;;;;;22576;1646444;5817;183456;62;712;0;0;0;0;0;0;0;;0,50;0,75;1,00;0,00;0,00;0,00;14056,00;12581,00;13529,00;0,05;0,07;0,09;;0,50;0,75;1,00;0,00;0,00;0,00;2,50;0,00;0,00;2,70;2,79;1,24;0,62;0,00;0,68;0,70;1,00;0,93;0,90;
2.7.2015 04:15;001,1;000,0;;;;;22576;1646444;5817;183456;62;712;0;0;0;0;0;0;0;;0,50;0,75;1,00;0,00;0,00;0,00;14084,00;12582,00;13531,00;0,05;0,07;0,09;;0,50;0,75;1,00;0,00;0,00;0,00;2,50;0,00;0,00;2,70;2,79;1,25;0,62;0,00;0,68;0,70;1,00;0,93;0,89;
2.7.2015 04:30;001,0;000,0;;;;;22577;1646444;5817;183456;62;712;0;0;0;0;0;0;0;;0,50;0,75;1,00;0,00;0,00;0,00;14111,00;12585,00;13545,00;0,05;0,07;0,09;;0,50;0,75;1,00;0,00;0,00;0,00;2,50;0,00;0,00;2,70;2,80;1,26;0,62;0,00;0,68;0,70;1,00;0,92;0,89;
2.7.2015 04:45;001,1;000,0;;;;;22577;1646444;5817;183456;62;712;0;0;0;0;0;0;0;;0,50;0,75;1,00;0,00;0,00;0,00;14100,00;12581,00;13531,00;0,05;0,07;0,09;;0,50;0,75;1,00;0,00;0,00;0,00;2,50;0,00;0,00;2,70;2,80;1,25;0,62;0,00;0,68;0,70;1,00;0,92;0,89;
2.7.2015 05:00;000,2;000,1;;;;;22577;1646444;5818;183456;62;712;0;0;0;0;0;0;0;;-0,75;-0,50;0,00;1,00;0,00;0,75;14088,00;12594,00;13534,00;0,12;0,09;0,10;;1,50;1,00;1,25;0,83;0,87;1,00;-1,25;2,00;2,70;4,21;4,21;2,22;-0,31;0,50;1,05;1,05;-0,03;-0,30;-0,30;
2.7.2015 05:15;000,0;001,4;;;;;22577;1646444;5818;183457;62;712;0;0;0;0;0;0;0;;-2,25;-1,75;-1,50;1,00;0,00;1,00;14060,00;12554,00;13490,00;0,20;0,16;0,16;;2,75;2,00;2,00;1,22;0,97;0,87;-5,75;2,25;3,06;7,01;7,02;1,36;-1,44;0,56;1,75;1,76;0,92;-0,82;-0,82;
2.7.2015 05:30;000,0;003,4;;;;;22577;1646445;5818;183457;62;712;0;0;0;0;0;0;0;;-4,00;-3,50;-3,50;1,00;0,50;1,25;14065,00;12539,00;13487,00;0,31;0,30;0,29;;4,25;3,75;3,75;1,03;1,25;0,50;-11,25;2,75;2,78;12,07;12,08;2,02;-2,81;0,69;3,02;3,02;0,97;-0,93;-0,93;
2.7.2015 05:45;000,0;006,1;;;;;22577;1646446;5818;183457;62;712;0;0;0;0;0;0;0;;-7,25;-6,00;-6,25;0,75;0,50;1,50;14061,00;12551,00;13473,00;0,53;0,50;0,50;;7,25;6,25;6,50;nan;1,68;0,97;-20,00;3,00;nan;20,46;20,47;NaN;-5,00;0,75;5,11;5,12;0,99;-0,98;-0,98;
2.7.2015 06:00;000,0;009,5;;;;;22577;1646449;5818;183458;62;712;0;0;0;0;0;0;0;;-9,75;-8,50;-8,75;0,75;0,50;1,75;14059,00;12496,00;13425,00;0,71;0,69;0,67;;9,75;8,50;9,00;nan;nan;1,17;-27,25;3,25;nan;27,63;27,66;NaN;-6,81;0,81;6,91;6,91;0,99;-0,99;-0,99;
2.7.2015 06:15;000,0;012,8;;;;;22577;1646452;5818;183458;62;712;0;0;0;0;0;0;0;;-12,75;-11,25;-11,75;1,00;0,50;2,00;13959,00;12487,00;13432,00;0,93;0,91;0,90;;12,75;11,25;12,00;nan;nan;1,39;-36,00;3,75;nan;36,43;36,46;NaN;-9,00;0,94;9,11;9,12;0,99;-0,99;-0,99;
2.7.2015 06:30;000,0;016,4;;;;;22577;1646456;5818;183458;62;712;0;0;0;0;0;0;0;;-17,50;-15,25;-16,00;0,75;0,50;2,50;13918,00;12404,00;13324,00;1,26;1,24;1,23;;17,50;15,25;16,25;nan;nan;1,35;-48,75;4,25;nan;49,18;49,22;NaN;-12,19;1,06;12,29;12,30;1,00;-0,99;-0,99;
2.7.2015 06:45;000,0;021,3;;;;;22577;1646461;5818;183459;62;712;0;0;0;0;0;0;0;;-17,00;-14,75;-15,75;0,75;0,75;2,50;13893,00;12431,00;13338,00;1,24;1,20;1,21;;17,00;15,00;16,00;nan;2,62;1,30;-47,75;4,25;nan;48,24;48,28;NaN;-11,94;1,06;12,06;12,07;1,00;-0,99;-0,99;
2.7.2015 07:00;000,0;026,9;;;;;22577;1646468;5818;183459;62;712;0;0;0;0;0;0;0;;-31,50;-28,00;-29,75;1,50;1,50;4,25;13888,00;12378,00;13325,00;2,29;2,28;2,27;;31,75;28,00;30,25;3,68;nan;3,46;-89,75;7,50;nan;90,24;90,34;NaN;-22,44;1,88;22,56;22,58;1,00;-0,99;-0,99;
2.7.2015 07:15;000,0;042,3;;;;;22577;1646479;5818;183460;62;712;0;0;0;0;0;0;0;;-43,75;-39,00;-41,25;2,50;2,25;6,50;13828,00;12395,00;13328,00;3,18;3,16;3,15;;44,00;39,00;42,00;3,96;nan;4,49;-124,25;11,50;nan;125,16;125,27;NaN;-31,06;2,88;31,29;31,32;1,00;-0,99;-0,99;
2.7.2015 07:30;000,0;056,9;;;;;22577;1646493;5818;183462;62;712;0;0;0;0;0;0;0;;-56,75;-50,75;-54,00;3,75;4,00;8,75;13807,00;12410,00;13324,00;4,14;4,11;4,11;;57,00;51,00;54,75;3,79;3,07;2,24;-161,75;16,75;9,10;162,86;163,00;6,55;-40,44;4,19;40,71;40,75;0,99;-0,99;-0,99;
2.7.2015 07:45;000,0;072,3;;;;;22577;1646511;5818;183463;62;712;0;0;0;0;0;0;0;;-69,75;-62,25;-66,50;3,50;4,25;10,00;13861,00;12383,00;13317,00;5,04;5,04;5,06;;69,75;62,25;67,25;nan;nan;0,56;-198,50;18,00;nan;199,62;199,83;NaN;-49,62;4,50;49,90;49,96;1,00;-0,99;-0,99;
2.7.2015 08:00;000,0;087,6;;;;;22577;1646533;5818;183465;62;712;0;0;0;0;0;0;0;;-83,00;-74,00;-79,25;4,75;5,25;12,50;13921,00;12431,00;13358,00;5,99;5,98;6,01;;83,25;74,25;80,25;4,36;3,08;1,80;-236,50;22,75;9,24;237,94;238,19;14,04;-59,12;5,69;59,48;59,55;1,00;-0,99;-0,99;
2.7.2015 08:15;000,0;103,7;;;;;22577;1646559;5818;183468;62;712;0;0;0;0;0;0;0;;-98,25;-88,00;-93,75;6,50;7,25;15,25;13866,00;12397,00;13321,00;7,12;7,13;7,15;;98,50;88,25;95,00;2,63;nan;1,84;-280,25;29,50;nan;282,26;282,57;NaN;-70,06;7,38;70,57;70,64;0,99;-0,99;-0,99;
2.7.2015 08:30;000,0;119,8;;;;;22577;1646589;5818;183471;62;712;0;0;0;0;0;0;0;;-111,75;-100,00;-106,50;8,25;9,00;18,25;13852,00;12412,00;13334,00;8,10;8,10;8,11;;112,00;100,50;108,00;nan;4,39;nan;-318,50;35,75;nan;320,94;321,27;NaN;-79,62;8,94;80,24;80,32;0,99;-0,99;-0,99;
2.7.2015 08:45;000,0;134,6;;;;;22577;1646623;5818;183475;62;712;0;0;0;0;0;0;0;;-123,25;-110,25;-118,25;7,50;9,25;19,00;13837,00;12404,00;13341,00;8,91;8,92;8,97;;123,50;110,75;119,75;2,33;4,99;nan;-352,00;36,00;nan;353,67;354,02;NaN;-88,00;9,00;88,42;88,51;0,99;-1,00;-0,99;
2.7.2015 09:00;000,0;149,5;;;;;22577;1646661;5818;183479;62;712;0;0;0;0;0;0;0;;-137,00;-122,75;-131,25;9,50;10,75;21,75;13848,00;12423,00;13349,00;9,93;9,94;9,98;;137,50;123,25;133,00;6,86;2,73;nan;-391,50;42,25;nan;394,22;394,61;NaN;-97,88;10,56;98,55;98,65;0,99;-0,99;-0,99;
2.7.2015 09:15;000,0;162,8;;;;;22577;1646701;5818;183483;62;712;0;0;0;0;0;0;0;;-149,50;-133,50;-142,50;11,00;12,25;25,00;13844,00;12374,00;13315,00;10,84;10,84;10,88;;150,00;134,00;144,75;5,36;nan;4,62;-425,75;48,50;nan;429,10;429,55;NaN;-106,44;12,12;107,27;107,39;0,99;-0,99;-0,99;
2.7.2015 09:30;000,0;176,6;;;;;22577;1646746;5818;183489;62;712;0;0;0;0;0;0;0;;-159,50;-142,75;-152,00;12,75;13,50;27,25;13842,00;12392,00;13312,00;11,58;11,58;11,61;;160,00;143,25;154,50;nan;nan;4,87;-454,50;54,00;nan;458,44;458,91;NaN;-113,62;13,50;114,61;114,73;0,99;-0,99;-0,99;
2.7.2015 09:45;000,0;186,6;;;;;22577;1646792;5818;183494;62;712;0;0;0;0;0;0;0;;-173,75;-155,75;-166,00;15,25;16,75;30,75;13789,00;12371,00;13282,00;12,66;12,66;12,72;;174,50;156,50;168,75;5,35;nan;nan;-495,75;62,75;nan;500,23;500,72;NaN;-123,94;15,69;125,06;125,18;0,99;-0,99;-0,99;
2.7.2015 10:00;000,0;202,2;;;;;22577;1646843;5818;183501;62;712;0;0;0;0;0;0;0;;-182,00;-162,50;-172,75;16,50;17,25;33,25;13816,00;12367,00;13270,00;13,24;13,23;13,27;;182,75;163,50;176,00;1,15;5,33;5,28;-517,50;67,50;11,76;522,54;523,06;33,06;-129,38;16,88;130,63;130,77;0,99;-0,99;-0,99;
2.7.2015 10:15;000,0;214,3;;;;;22577;1646896;5818;183507;62;712;0;0;0;0;0;0;0;;-191,00;-171,00;-182,25;15,00;16,50;32,50;13818,00;12405,00;13326,00;13,88;13,85;13,91;;191,75;171,75;185,25;7,88;nan;6,80;-544,50;64,25;nan;549,03;549,55;NaN;-136,12;16,06;137,26;137,39;0,99;-0,99;-0,99;
2.7.2015 10:30;000,0;226,3;;;;;22577;1646953;5818;183514;62;712;0;0;0;0;0;0;0;;-203,25;-182,25;-194,50;16,50;18,50;35,25;13869,00;12468,00;13382,00;14,71;14,70;14,77;;204,00;183,25;197,75;5,76;4,82;5,68;-580,00;70,50;16,26;585,01;585,56;35,27;-145,00;17,62;146,25;146,39;0,99;-0,99;-0,99;
2.7.2015 10:45;000,0;233,6;;;;;22577;1647012;5818;183521;62;712;0;0;0;0;0;0;0;;-208,25;-186,75;-199,25;18,00;19,25;36,50;13815,00;12427,00;13348,00;15,14;15,12;15,18;;209,00;187,75;202,50;nan;1,98;nan;-594,50;73,75;nan;599,81;600,36;NaN;-148,62;18,44;149,95;150,09;0,99;-0,99;-0,99;
2.7.2015 11:00;000,0;243,2;;;;;22577;1647072;5818;183529;62;712;0;0;0;0;0;0;0;;-217,00;-194,75;-207,00;19,50;20,25;38,75;13879,00;12477,00;13370,00;15,73;15,71;15,76;;218,00;195,75;210,50;7,40;nan;nan;-619,00;78,75;nan;625,07;625,65;NaN;-154,75;19,69;156,27;156,41;0,99;-0,99;-0,99;
2.7.2015 11:15;000,0;246,9;;;;;22577;1647134;5818;183537;62;712;0;0;0;0;0;0;0;;-223,75;-201,25;-214,00;21,00;22,25;40,25;13814,00;12453,00;13333,00;16,28;16,28;16,33;;224,75;202,75;217,75;2,74;10,53;nan;-639,25;83,75;nan;645,39;645,97;NaN;-159,81;20,94;161,35;161,49;0,99;-0,99;-0,99;
2.7.2015 11:30;000,0;254,3;;;;;22577;1647198;5818;183545;62;712;0;0;0;0;0;0;0;;-227,25;-203,75;-216,50;21,25;22,50;41,50;13833,00;12427,00;13319,00;16,51;16,50;16,57;;228,25;205,00;220,50;1,98;2,17;5,07;-647,75;85,50;9,22;654,13;654,74;41,40;-161,94;21,38;163,53;163,69;0,99;-0,99;-0,99;
2.7.2015 11:45;000,0;261,8;;;;;22577;1647263;5818;183554;62;712;0;0;0;0;0;0;0;;-234,75;-210,00;-223,25;22,00;23,00;42,75;14012,00;12566,00;13463,00;16,84;16,83;16,90;;235,75;211,50;227,50;nan;10,16;9,39;-668,25;88,00;nan;674,87;675,53;NaN;-167,06;22,00;168,72;168,88;0,99;-0,99;-0,99;
2.7.2015 12:00;000,0;268,7;;;;;22577;1647330;5818;183563;62;712;0;0;0;0;0;0;0;;-234,75;-209,50;-223,00;22,00;22,75;43,25;13995,00;12521,00;13455,00;16,85;16,84;16,90;;235,75;210,75;227,25;nan;2,78;6,56;-667,50;88,50;nan;674,09;674,78;NaN;-166,88;22,12;168,52;168,70;0,99;-0,99;-0,99;
2.7.2015 12:15;000,0;238,1;;;;;22577;1647390;5818;183576;62;712;0;0;0;0;0;0;0;;-227,50;-207,00;-209,25;63,75;53,75;74,75;13980,00;12522,00;13443,00;16,91;17,09;16,55;;236,25;214,00;222,25;nan;7,61;4,68;-644,00;192,75;nan;672,92;673,85;NaN;-161,00;48,19;168,23;168,46;0,96;-0,96;-0,96;
2.7.2015 12:30;000,0;228,5;;;;;22577;1647447;5818;183586;62;712;0;0;0;0;0;0;0;;-208,25;-186,25;-198,25;17,00;18,25;36,00;14021,00;12579,00;13481,00;14,90;14,88;14,95;;209,00;187,00;201,50;4,89;nan;1,79;-592,75;71,75;nan;597,60;598,17;NaN;-148,19;17,94;149,40;149,54;0,99;-0,99;-0,99;
2.7.2015 12:45;000,0;166,1;;;;;22577;1647488;5818;183590;62;712;0;0;0;0;0;0;0;;-124,00;-110,75;-119,00;7,00;8,50;18,50;13882,00;12448,00;13386,00;8,95;8,94;9,01;;124,00;111,25;120,50;nan;6,22;4,12;-354,00;34,25;nan;356,13;356,48;NaN;-88,50;8,56;89,03;89,12;1,00;-0,99;-0,99;
2.7.2015 13:00;000,0;167,7;;;;;22577;1647530;5818;183595;62;712;0;0;0;0;0;0;0;;-101,75;-90,75;-98,00;4,75;6,75;15,00;13893,00;12448,00;13393,00;7,34;7,32;7,41;;101,75;91,00;99,25;nan;nan;4,64;-290,50;26,75;nan;292,30;292,58;NaN;-72,62;6,69;73,07;73,14;1,00;-0,99;-0,99;
2.7.2015 13:15;000,0;137,9;;;;;22577;1647565;5818;183599;62;712;0;0;0;0;0;0;0;;-276,25;-248,25;-263,00;30,75;32,00;54,25;13954,00;12560,00;13447,00;19,93;19,95;20,00;;277,75;250,25;268,75;nan;nan;10,70;-787,50;117,00;nan;797,69;798,43;NaN;-196,88;29,25;199,42;199,61;0,99;-0,99;-0,99;
2.7.2015 13:30;000,0;265,0;;;;;22577;1647631;5818;183608;62;712;0;0;0;0;0;0;0;;-264,00;-236,75;-251,25;27,75;28,50;51,00;14013,00;12589,00;13500,00;18,95;18,95;19,00;;265,50;238,50;256,25;4,92;4,41;nan;-752,00;107,50;nan;760,54;761,27;NaN;-188,00;26,88;190,14;190,32;0,99;-0,99;-0,99;
2.7.2015 13:45;000,0;265,8;;;;;22577;1647697;5818;183617;62;712;0;0;0;0;0;0;0;;-115,25;-103,25;-111,00;6,25;8,00;16,75;13916,00;12493,00;13442,00;8,30;8,31;8,36;;115,50;103,75;112,25;4,32;6,28;nan;-329,75;31,00;nan;331,72;332,06;NaN;-82,44;7,75;82,93;83,01;1,00;-0,99;-0,99;
2.7.2015 14:00;000,0;254,1;;;;;22577;1647761;5818;183625;62;712;0;0;0;0;0;0;0;;-234,50;-209,75;-223,25;21,50;22,75;42,75;14070,00;12625,00;13557,00;16,74;16,72;16,79;;235,50;211,00;227,50;2,78;2,89;9,39;-667,75;87,00;15,07;674,28;674,93;42,87;-166,94;21,75;168,57;168,73;0,99;-0,99;-0,99;
2.7.2015 14:15;000,0;201,7;;;;;22577;1647812;5818;183631;62;712;0;0;0;0;0;0;0;;-252,00;-227,00;-240,00;26,00;26,25;46,75;14009,00;12652,00;13485,00;18,10;18,09;18,15;;253,50;228,75;244,75;9,07;10,42;10,82;-719,50;99,25;30,30;727,16;727,78;34,83;-179,88;24,81;181,79;181,94;0,99;-0,99;-0,99;
2.7.2015 14:30;000,0;278,2;;;;;22577;1647881;5818;183641;62;712;0;0;0;0;0;0;0;;-238,00;-213,00;-226,25;22,25;23,00;44,00;14057,00;12624,00;13525,00;17,02;16,98;17,06;;239,25;214,25;230,50;10,07;2,25;2,28;-677,50;89,50;14,60;684,24;684,87;42,67;-169,38;22,38;171,06;171,22;0,99;-0,99;-0,99;
2.7.2015 14:45;000,0;168,3;;;;;22577;1647925;5818;183645;62;712;0;0;0;0;0;0;0;;-243,00;-217,75;-231,00;23,25;23,75;44,75;14028,00;12611,00;13508,00;17,42;17,39;17,44;;244,25;219,25;235,50;8,28;9,56;9,83;-692,25;92,00;27,67;699,15;699,80;35,69;-173,06;23,00;174,79;174,95;0,99;-0,99;-0,99;
2.7.2015 15:00;000,0;255,7;;;;;22577;1647987;5818;183653;62;712;0;0;0;0;0;0;0;;-209,25;-187,25;-199,25;17,50;18,50;36,50;14010,00;12566,00;13476,00;15,00;14,99;15,05;;210,00;188,25;202,75;2,86;5,77;8,65;-596,25;72,75;17,27;601,43;602,01;36,28;-149,06;18,19;150,36;150,50;0,99;-0,99;-0,99;
2.7.2015 15:15;000,0;233,2;;;;;22577;1648045;5818;183660;62;712;0;0;0;0;0;0;0;;-207,50;-185,75;-198,00;16,75;18,50;35,75;14017,00;12602,00;13518,00;14,86;14,83;14,90;;208,25;186,75;201,25;5,59;5,50;4,42;-591,50;71,25;15,51;596,57;597,11;36,75;-147,88;17,81;149,14;149,28;0,99;-0,99;-0,99;
2.7.2015 15:30;000,0;246,9;;;;;22577;1648107;5818;183668;62;712;0;0;0;0;0;0;0;;-220,50;-197,25;-209,75;19,25;20,25;39,25;14020,00;12577,00;13485,00;15,80;15,78;15,84;;221,50;198,50;213,50;8,45;9,20;6,83;-628,00;79,00;24,48;633,68;634,29;33,22;-157,00;19,75;158,42;158,57;0,99;-0,99;-0,99;
2.7.2015 15:45;000,0;157,3;;;;;22577;1648146;5818;183672;62;712;0;0;0;0;0;0;0;;-76,00;-68,25;-72,75;4,00;4,50;10,75;13920,00;12520,00;13446,00;5,48;5,47;5,48;;76,25;68,50;73,50;4,70;3,73;nan;-217,25;19,50;nan;218,42;218,62;NaN;-54,31;4,88;54,60;54,65;1,00;-0,99;-0,99;
2.7.2015 16:00;000,0;089,4;;;;;22577;1648168;5818;183674;62;712;0;0;0;0;0;0;0;;-68,75;-61,25;-65,75;3,25;4,00;10,00;14006,00;12554,00;13463,00;4,93;4,91;4,95;;69,00;61,50;66,50;4,89;3,83;nan;-196,00;17,50;nan;197,33;197,51;NaN;-49,00;4,38;49,33;49,38;1,00;-0,99;-0,99;
2.7.2015 16:15;000,0;079,2;;;;;22577;1648188;5818;183676;62;712;0;0;0;0;0;0;0;;-65,50;-58,75;-62,75;3,25;4,00;9,25;13930,00;12517,00;13438,00;4,72;4,71;4,72;;65,50;58,75;63,50;nan;nan;3,02;-187,00;16,75;nan;188,13;188,31;NaN;-46,75;4,19;47,03;47,08;1,00;-0,99;-0,99;
2.7.2015 16:30;000,0;157,0;;;;;22577;1648227;5818;183680;62;712;0;0;0;0;0;0;0;;-180,00;-161,00;-171,50;13,00;13,75;29,50;14009,00;12584,00;13500,00;12,90;12,86;12,90;;180,50;161,75;174,00;3,35;7,28;nan;-512,75;56,50;nan;516,60;517,07;NaN;-128,19;14,12;129,15;129,27;0,99;-0,99;-0,99;
2.7.2015 16:45;000,0;165,6;;;;;22577;1648269;5818;183685;62;712;0;0;0;0;0;0;0;;-161,25;-144,00;-154,00;10,25;12,00;25,25;14033,00;12590,00;13496,00;11,52;11,50;11,58;;161,50;144,75;156,00;nan;8,52;nan;-459,50;47,75;nan;462,66;463,10;NaN;-114,88;11,94;115,67;115,77;0,99;-0,99;-0,99;
2.7.2015 17:00;000,0;144,7;;;;;22577;1648305;5818;183688;62;712;0;0;0;0;0;0;0;;-139,50;-124,50;-132,75;9,25;10,00;22,25;14098,00;12629,00;13544,00;9,92;9,90;9,95;;139,75;125,00;134,75;nan;4,97;6,32;-397,00;41,75;nan;399,67;400,06;NaN;-99,25;10,44;99,92;100,02;0,99;-0,99;-0,99;
2.7.2015 17:15;000,0;144,7;;;;;22577;1648341;5818;183692;62;712;0;0;0;0;0;0;0;;-115,25;-103,00;-110,00;6,75;7,75;17,25;14065,00;12601,00;13531,00;8,21;8,21;8,23;;115,50;103,25;111,25;3,48;nan;nan;-328,25;32,00;nan;330,36;330,69;NaN;-82,06;8,00;82,59;82,67;1,00;-0,99;-0,99;
2.7.2015 17:30;000,0;125,0;;;;;22577;1648372;5818;183695;62;712;0;0;0;0;0;0;0;;-102,50;-91,75;-98,00;5,75;6,50;15,00;14071,00;12621,00;13559,00;7,30;7,30;7,33;;102,75;92,00;99,25;4,27;1,92;4,64;-292,50;27,50;10,84;294,17;294,46;16,68;-73,12;6,88;73,54;73,62;1,00;-0,99;-0,99;
2.7.2015 17:45;000,0;108,5;;;;;22577;1648399;5818;183697;62;712;0;0;0;0;0;0;0;;-90,25;-80,75;-86,50;4,75;5,50;12,75;14080,00;12652,00;13565,00;6,43;6,42;6,45;;90,50;81,00;87,50;4,76;3,19;3,38;-257,75;23,25;11,33;259,26;259,50;15,29;-64,44;5,81;64,81;64,87;1,00;-0,99;-0,99;
2.7.2015 18:00;000,0;096,4;;;;;22577;1648423;5818;183699;62;712;0;0;0;0;0;0;0;;-79,75;-71,00;-75,75;4,00;4,50;11,25;14172,00;12676,00;13597,00;5,64;5,63;5,65;;79,75;71,25;76,75;nan;3,91;5,09;-226,75;20,00;nan;228,12;228,35;NaN;-56,69;5,00;57,03;57,09;1,00;-0,99;-0,99;
2.7.2015 18:15;000,0;082,2;;;;;22577;1648444;5818;183701;62;712;0;0;0;0;0;0;0;;-67,75;-60,50;-65,00;3,25;4,00;9,50;14151,00;12667,00;13583,00;4,81;4,81;4,84;;68,00;60,75;65,75;4,83;3,78;2,80;-193,50;17,00;11,41;194,71;194,90;11,18;-48,38;4,25;48,68;48,73;1,00;-0,99;-0,99;
2.7.2015 18:30;000,0;064,2;;;;;22577;1648460;5818;183703;62;712;0;0;0;0;0;0;0;;-36,25;-32,50;-34,25;2,00;1,75;5,00;14079,00;12627,00;13550,00;2,59;2,59;2,57;;36,50;32,50;34,75;3,77;nan;3,08;-103,50;9,00;nan;104,09;104,20;NaN;-25,88;2,25;26,02;26,05;1,00;-0,99;-0,99;
2.7.2015 18:45;000,0;034,4;;;;;22577;1648468;5818;183703;62;712;0;0;0;0;0;0;0;;-27,75;-24,75;-26,25;1,25;1,25;3,75;14031,00;12603,00;13514,00;1,99;1,99;1,98;;27,75;25,00;26,75;nan;3,30;3,53;-79,25;6,75;nan;79,73;79,81;NaN;-19,81;1,69;19,93;19,95;1,00;-0,99;-0,99;
2.7.2015 19:00;000,0;040,2;;;;;22577;1648478;5818;183704;62;712;0;0;0;0;0;0;0;;-35,25;-31,50;-33,25;1,75;1,75;4,75;14026,00;12597,00;13526,00;2,52;2,52;2,50;;35,25;31,50;33,75;nan;nan;3,31;-100,25;8,50;nan;100,94;101,04;NaN;-25,06;2,12;25,24;25,26;1,00;-0,99;-0,99;
2.7.2015 19:15;000,0;027,9;;;;;22577;1648485;5818;183705;62;712;0;0;0;0;0;0;0;;-15,25;-13,25;-14,00;1,00;0,75;2,25;13991,00;12553,00;13472,00;1,09;1,07;1,07;;15,25;13,25;14,25;nan;nan;1,41;-42,75;4,25;nan;43,10;43,13;NaN;-10,69;1,06;10,77;10,78;1,00;-0,99;-0,99;
2.7.2015 19:30;000,0;014,9;;;;;22577;1648489;5818;183705;62;712;0;0;0;0;0;0;0;;-11,25;-10,00;-10,25;1,00;0,75;1,75;14059,00;12558,00;13513,00;0,81;0,81;0,79;;11,25;10,00;10,50;nan;nan;1,46;-31,75;3,75;nan;32,17;32,21;NaN;-7,94;0,94;8,04;8,05;0,99;-0,99;-0,99;
2.7.2015 19:45;000,0;011,1;;;;;22577;1648492;5818;183706;62;712;0;0;0;0;0;0;0;;-7,00;-6,25;-6,25;1,00;0,50;1,50;14020,00;12572,00;13522,00;0,51;0,51;0,49;;7,00;6,25;6,50;nan;nan;0,97;-19,50;3,25;nan;20,19;20,22;NaN;-4,88;0,81;5,05;5,05;0,99;-0,97;-0,96;
2.7.2015 20:00;000,0;006,7;;;;;22577;1648493;5818;183706;62;712;0;0;0;0;0;0;0;;-4,75;-4,00;-4,00;1,00;0,75;1,25;14049,00;12582,00;13524,00;0,36;0,35;0,34;;5,00;4,25;4,50;1,20;1,22;1,64;-13,25;3,00;4,06;14,02;14,04;NaN;-3,31;0,75;3,51;3,51;0,97;-0,94;-0,94;
2.7.2015 20:15;000,0;003,4;;;;;22577;1648494;5818;183706;62;712;0;0;0;0;0;0;0;;-1,75;-1,50;-1,25;1,00;0,50;1,00;13984,00;12531,00;13474,00;0,17;0,16;0,14;;2,25;1,75;1,75;1,00;0,75;0,71;-4,75;2,75;2,46;6,27;6,28;1,83;-1,19;0,69;1,57;1,57;0,84;-0,76;-0,76;
2.7.2015 20:30;000,2;000,5;;;;;22577;1648494;5818;183706;62;712;0;0;0;0;0;0;0;;0,50;0,50;1,00;1,00;0,50;0,75;14054,00;12544,00;13476,00;0,11;0,11;0,12;;1,50;1,25;1,50;1,00;1,03;0,83;2,25;2,50;2,86;4,61;4,62;1,35;0,56;0,62;1,15;1,15;0,44;0,49;0,49;
2.7.2015 20:45;001,1;000,0;;;;;22577;1648494;5819;183706;62;712;0;0;0;0;0;0;0;;0,00;0,50;1,75;9,25;7,50;8,50;13960,00;12497,00;13431,00;0,67;0,62;0,67;;9,25;7,50;8,75;0,00;nan;1,12;2,25;25,50;nan;26,00;26,00;NaN;0,56;6,38;6,50;6,50;0,33;0,09;0,09;
2.7.2015 21:00;001,2;000,0;;;;;22578;1648494;5820;183706;62;712;0;0;0;0;0;0;0;;0,75;0,75;1,00;0,00;0,00;0,00;13994,00;12562,00;13500,00;0,07;0,07;0,09;;0,75;0,75;1,00;0,00;0,00;0,00;3,00;0,00;0,00;3,07;3,10;0,77;0,75;0,00;0,77;0,77;1,00;0,98;0,97;
2.7.2015 21:15;001,2;000,0;;;;;22578;1648494;5820;183706;62;712;0;0;0;0;0;0;0;;0,75;0,75;1,00;0,00;0,00;0,00;14004,00;12567,00;13501,00;0,07;0,07;0,09;;0,75;0,75;1,00;0,00;0,00;0,00;3,00;0,00;0,00;3,11;3,14;0,92;0,75;0,00;0,78;0,78;1,00;0,96;0,96;
2.7.2015 21:30;001,3;000,0;;;;;22578;1648494;5820;183706;62;712;0;0;0;0;0;0;0;;0,75;0,75;1,00;0,00;0,00;0,00;14075,00;12567,00;13521,00;0,07;0,07;0,09;;0,75;0,75;1,25;0,00;0,00;0,75;3,00;0,00;0,75;3,12;3,15;0,57;0,75;0,00;0,78;0,79;1,00;0,96;0,95;
2.7.2015 21:45;001,2;000,0;;;;;22579;1648494;5820;183706;62;712;0;0;0;0;0;0;0;;0,75;0,75;1,25;0,00;0,00;0,00;14089,00;12593,00;13579,00;0,07;0,07;0,09;;0,75;0,75;1,25;0,00;0,00;0,00;3,00;0,00;0,00;3,12;3,15;0,97;0,75;0,00;0,78;0,79;1,00;0,96;0,95;
2.7.2015 22:00;001,2;000,0;;;;;22579;1648494;5820;183706;62;712;0;0;0;0;0;0;0;;0,75;0,75;1,00;0,00;0,00;0,00;14067,00;12580,00;13543,00;0,07;0,07;0,09;;0,75;0,75;1,25;0,00;0,00;0,75;3,00;0,00;0,75;3,12;3,15;0,58;0,75;0,00;0,78;0,79;1,00;0,96;0,95;
2.7.2015 22:15;001,2;000,0;;;;;22579;1648494;5820;183706;62;712;0;0;0;0;0;0;0;;0,75;0,75;1,25;0,00;0,00;0,00;14089,00;12576,00;13534,00;0,07;0,07;0,09;;0,75;0,75;1,25;0,00;0,00;0,00;3,00;0,00;0,00;3,12;3,15;0,95;0,75;0,00;0,78;0,79;1,00;0,96;0,95;
2.7.2015 22:30;001,2;000,0;;;;;22579;1648494;5820;183706;62;712;0;0;0;0;0;0;0;;0,75;0,75;1,25;0,00;0,00;0,00;14153,00;12620,00;13595,00;0,07;0,07;0,09;;1,00;0,75;1,25;0,66;0,00;0,00;3,00;0,00;0,66;3,13;3,16;0,75;0,75;0,00;0,78;0,79;1,00;0,96;0,95;
2.7.2015 22:45;001,3;000,0;;;;;22580;1648494;5820;183706;62;712;0;0;0;0;0;0;0;;0,75;0,75;1,25;0,00;0,00;0,00;14102,00;12579,00;13542,00;0,07;0,07;0,09;;0,75;0,75;1,25;0,00;0,00;0,00;3,00;0,00;0,00;3,12;3,15;0,96;0,75;0,00;0,78;0,79;1,00;0,96;0,95;
2.7.2015 23:00;001,2;000,0;;;;;22580;1648494;5820;183706;62;712;0;0;0;0;0;0;0;;0,75;0,75;1,25;0,00;0,00;0,00;14079,00;12619,00;13605,00;0,07;0,07;0,09;;1,00;0,75;1,25;0,66;0,00;0,00;3,00;0,00;0,66;3,13;3,16;0,72;0,75;0,00;0,78;0,79;1,00;0,96;0,95;
2.7.2015 23:15;001,2;000,0;;;;;22580;1648494;5820;183706;62;712;0;0;0;0;0;0;0;;0,75;0,75;1,25;0,00;0,00;0,00;14182,00;12643,00;13624,00;0,07;0,07;0,09;;1,00;0,75;1,25;0,66;0,00;0,00;3,00;0,00;0,66;3,14;3,17;0,77;0,75;0,00;0,78;0,79;1,00;0,96;0,95;
2.7.2015 23:30;001,3;000,0;;;;;22581;1648494;5820;183706;62;712;0;0;0;0;0;0;0;;0,75;0,75;1,00;0,00;0,00;0,00;14072,00;12479,00;13452,00;0,07;0,07;0,09;;0,75;0,75;1,00;0,00;0,00;0,00;3,00;0,00;0,00;3,10;3,13;0,90;0,75;0,00;0,78;0,78;1,00;0,97;0,96;
2.7.2015 23:45;001,2;000,0;;;;;22581;1648494;5820;183706;62;712;0;0;0;0;0;0;0;;0,75;0,75;1,00;0,00;0,00;0,00;14065,00;12520,00;13492,00;0,07;0,07;0,09;;0,75;0,75;1,25;0,00;0,00;0,75;3,00;0,00;0,75;3,11;3,14;0,54;0,75;0,00;0,78;0,78;1,00;0,96;0,96;
3.7.2015 00:00;001,2;000,0;;;;;22581;1648494;5820;183706;62;712;0;0;0;0;0;0;0;;0,75;0,75;1,00;0,00;0,00;0,00;14081,00;12457,00;13431,00;0,07;0,07;0,09;;0,75;0,75;1,00;0,00;0,00;0,00;3,00;0,00;0,00;3,07;3,09;0,75;0,75;0,00;0,77;0,77;1,00;0,98;0,97;
3.7.2015 00:15;001,2;000,0;;;;;22582;1648494;5820;183706;62;712;0;0;0;0;0;0;0;;0,75;0,75;1,00;0,00;0,00;0,00;13994,00;12530,00;13499,00;0,07;0,07;0,09;;0,75;0,75;1,25;0,00;0,00;0,75;3,00;0,00;0,75;3,11;3,13;0,51;0,75;0,00;0,78;0,78;1,00;0,97;0,96;
3.7.2015 00:30;001,2;000,0;;;;;22582;1648494;5820;183706;62;712;0;0;0;0;0;0;0;;0,75;0,75;1,00;0,00;0,00;0,00;14040,00;12490,00;13468,00;0,07;0,07;0,09;;0,75;0,75;1,00;0,00;0,00;0,00;3,00;0,00;0,00;3,10;3,13;0,90;0,75;0,00;0,78;0,78;1,00;0,97;0,96;
3.7.2015 00:45;001,2;000,0;;;;;22582;1648494;5820;183706;62;712;0;0;0;0;0;0;0;;0,75;0,75;1,00;0,00;0,00;0,00;14063,00;12476,00;13471,00;0,07;0,07;0,09;;0,75;0,75;1,00;0,00;0,00;0,00;3,00;0,00;0,00;3,10;3,13;0,90;0,75;0,00;0,78;0,78;1,00;0,97;0,96;
3.7.2015 01:00;001,3;000,0;;;;;22583;1648494;5820;183706;62;712;0;0;0;0;0;0;0;;0,75;0,75;1,00;0,00;0,00;0,00;14013,00;12521,00;13505,00;0,07;0,07;0,09;;0,75;0,75;1,25;0,00;0,00;0,75;3,00;0,00;0,75;3,11;3,14;0,52;0,75;0,00;0,78;0,78;1,00;0,97;0,96;
3.7.2015 01:15;001,2;000,0;;;;;22583;1648494;5820;183706;62;712;0;0;0;0;0;0;0;;0,75;0,75;1,25;0,00;0,00;0,00;14040,00;12595,00;13567,00;0,07;0,07;0,09;;0,75;0,75;1,25;0,00;0,00;0,00;3,00;0,00;0,00;3,12;3,15;0,95;0,75;0,00;0,78;0,79;1,00;0,96;0,95;
3.7.2015 01:30;001,2;000,0;;;;;22583;1648494;5820;183706;62;712;0;0;0;0;0;0;0;;0,75;0,75;1,25;0,00;0,00;0,00;14038,00;12579,00;13568,00;0,07;0,07;0,09;;0,75;0,75;1,25;0,00;0,00;0,00;3,00;0,00;0,00;3,12;3,15;0,95;0,75;0,00;0,78;0,79;1,00;0,96;0,95;
3.7.2015 01:45;001,2;000,0;;;;;22583;1648494;5820;183706;62;712;0;0;0;0;0;0;0;;0,75;0,75;1,25;0,00;0,00;0,00;14103,00;12582,00;13580,00;0,07;0,07;0,09;;1,00;0,75;1,25;0,66;0,00;0,00;3,00;0,00;0,66;3,12;3,15;0,71;0,75;0,00;0,78;0,79;1,00;0,96;0,95;
3.7.2015 02:00;001,3;000,0;;;;;22584;1648494;5820;183706;62;712;0;0;0;0;0;0;0;;0,75;0,75;1,25;0,00;0,00;0,00;14086,00;12582,00;13575,00;0,07;0,07;0,09;;1,00;0,75;1,25;0,66;0,00;0,00;3,00;0,00;0,66;3,12;3,15;0,70;0,75;0,00;0,78;0,79;1,00;0,96;0,95;
3.7.2015 02:15;001,2;000,0;;;;;22584;1648494;5820;183706;62;712;0;0;0;0;0;0;0;;0,75;0,75;1,25;0,00;0,00;0,00;14091,00;12595,00;13585,00;0,07;0,07;0,09;;1,00;0,75;1,25;0,66;0,00;0,00;3,00;0,00;0,66;3,12;3,15;0,71;0,75;0,00;0,78;0,79;1,00;0,96;0,95;
3.7.2015 02:30;001,2;000,0;;;;;22584;1648494;5820;183706;62;712;0;0;0;0;0;0;0;;0,75;0,75;1,25;0,00;0,00;0,00;14080,00;12589,00;13583,00;0,07;0,07;0,09;;1,00;0,75;1,25;0,66;0,00;0,00;3,00;0,00;0,66;3,12;3,15;0,71;0,75;0,00;0,78;0,79;1,00;0,96;0,95;
3.7.2015 02:45;001,3;000,0;;;;;22585;1648494;5820;183706;62;712;0;0;0;0;0;0;0;;0,75;0,75;1,25;0,00;0,00;0,00;14128,00;12610,00;13608,00;0,07;0,07;0,09;;1,00;0,75;1,25;0,66;0,00;0,00;3,00;0,00;0,66;3,13;3,16;0,74;0,75;0,00;0,78;0,79;1,00;0,96;0,95;
3.7.2015 03:00;001,2;000,0;;;;;22585;1648494;5820;183706;62;712;0;0;0;0;0;0;0;;0,75;0,75;1,25;0,00;0,00;0,00;14111,00;12615,00;13612,00;0,07;0,07;0,09;;1,00;0,75;1,25;0,66;0,00;0,00;3,00;0,00;0,66;3,13;3,16;0,73;0,75;0,00;0,78;0,79;1,00;0,96;0,95;
3.7.2015 03:15;001,3;000,0;;;;;22585;1648494;5820;183706;62;712;0;0;0;0;0;0;0;;0,75;0,75;1,25;0,00;0,00;0,00;14101,00;12613,00;13621,00;0,07;0,07;0,09;;1,00;0,75;1,25;0,66;0,00;0,00;3,00;0,00;0,66;3,13;3,16;0,73;0,75;0,00;0,78;0,79;1,00;0,96;0,95;
3.7.2015 03:30;001,2;000,0;;;;;22586;1648494;5820;183706;62;712;0;0;0;0;0;0;0;;0,75;0,75;1,25;0,00;0,00;0,00;14157,00;12626,00;13628,00;0,07;0,07;0,09;;1,00;0,75;1,25;0,66;0,00;0,00;3,00;0,00;0,66;3,17;3,20;0,88;0,75;0,00;0,79;0,80;1,00;0,95;0,94;
3.7.2015 03:45;001,2;000,0;;;;;22586;1648494;5820;183706;62;712;0;0;0;0;0;0;0;;0,75;0,75;1,25;0,00;0,00;0,00;14130,00;12634,00;13645,00;0,07;0,07;0,09;;1,00;0,75;1,25;0,66;0,00;0,00;3,00;0,00;0,66;3,17;3,19;0,88;0,75;0,00;0,79;0,80;1,00;0,95;0,94;
3.7.2015 04:00;001,3;000,0;;;;;22586;1648494;5820;183706;62;712;0;0;0;0;0;0;0;;0,75;0,75;1,25;0,00;0,00;0,00;14140,00;12625,00;13628,00;0,07;0,07;0,09;;1,00;0,75;1,25;0,66;0,00;0,00;3,00;0,00;0,66;3,17;3,19;0,87;0,75;0,00;0,79;0,80;1,00;0,95;0,94;
3.7.2015 04:15;001,2;000,0;;;;;22587;1648494;5820;183706;62;712;0;0;0;0;0;0;0;;0,75;0,75;1,00;0,00;0,00;0,00;14150,00;12664,00;13655,00;0,06;0,07;0,09;;0,75;0,75;1,25;0,00;0,00;0,75;2,75;0,00;0,75;3,07;3,11;1,24;0,69;0,00;0,77;0,78;1,00;0,90;0,88;
3.7.2015 04:30;001,2;000,0;;;;;22587;1648494;5820;183706;62;712;0;0;0;0;0;0;0;;0,75;0,75;1,25;0,00;0,00;0,00;14174,00;12646,00;13635,00;0,06;0,07;0,09;;0,75;0,75;1,25;0,00;0,00;0,00;2,75;0,00;0,00;3,07;3,11;1,45;0,69;0,00;0,77;0,78;1,00;0,90;0,88;
3.7.2015 04:45;001,2;000,0;;;;;22587;1648494;5820;183706;62;712;0;0;0;0;0;0;0;;0,75;0,75;1,00;0,00;0,00;0,00;14169,00;12629,00;13626,00;0,06;0,07;0,09;;0,75;0,75;1,25;0,00;0,00;0,75;2,75;0,00;0,75;3,07;3,11;1,24;0,69;0,00;0,77;0,78;1,00;0,90;0,89;
3.7.2015 05:00;000,4;000,0;;;;;22587;1648494;5821;183707;62;712;0;0;0;0;0;0;0;;-1,00;0,00;1,00;6,75;5,00;6,50;14135,00;12689,00;13669,00;0,49;0,41;0,50;;6,75;5,00;6,75;nan;0,00;1,52;-0,00;18,25;nan;18,80;18,82;NaN;-0,00;4,56;4,70;4,70;nan;-0,00;-0,00;
3.7.2015 05:15;000,0;000,9;;;;;22587;1648494;5821;183709;62;712;0;0;0;0;0;0;0;;-2,00;-1,50;-0,75;1,25;0,00;1,00;14084,00;12658,00;13636,00;0,18;0,15;0,14;;2,50;1,75;1,75;0,83;0,90;1,22;-4,50;2,25;2,96;6,24;6,28;2,32;-1,12;0,56;1,56;1,57;0,88;-0,72;-0,72;
3.7.2015 05:30;000,0;003,1;;;;;22587;1648495;5821;183709;62;712;0;0;0;0;0;0;0;;-3,50;-3,25;-3,00;1,00;0,50;1,00;14051,00;12658,00;13614,00;0,28;0,28;0,26;;3,75;3,25;3,50;0,90;nan;1,50;-10,00;3,00;nan;11,02;11,03;NaN;-2,50;0,75;2,76;2,76;0,96;-0,91;-0,91;
3.7.2015 05:45;000,0;005,4;;;;;22587;1648497;5821;183709;62;712;0;0;0;0;0;0;0;;-6,25;-5,50;-5,50;1,00;0,50;1,25;14054,00;12639,00;13604,00;0,46;0,46;0,44;;6,50;5,75;5,75;1,48;1,60;1,12;-17,75;3,00;4,20;18,33;18,36;NaN;-4,44;0,75;4,58;4,59;0,99;-0,97;-0,97;
3.7.2015 06:00;000,0;008,7;;;;;22587;1648499;5821;183710;62;712;0;0;0;0;0;0;0;;-8,00;-7,25;-7,50;1,00;0,75;1,50;14060,00;12576,00;13550,00;0,59;0,59;0,57;;8,25;7,25;7,75;1,75;nan;1,25;-23,00;3,25;nan;23,54;23,57;NaN;-5,75;0,81;5,88;5,89;0,99;-0,98;-0,98;
3.7.2015 06:15;000,0;011,3;;;;;22587;1648502;5821;183710;62;712;0;0;0;0;0;0;0;;-11,50;-10,50;-11,00;0,75;0,75;1,75;13854,00;12522,00;13457,00;0,84;0,85;0,84;;11,50;10,50;11,25;nan;nan;1,58;-33,25;3,50;nan;33,62;33,66;NaN;-8,31;0,88;8,40;8,41;0,99;-0,99;-0,99;
3.7.2015 06:30;000,0;014,6;;;;;22587;1648505;5821;183710;62;712;0;0;0;0;0;0;0;;-15,00;-13,50;-14,25;1,00;0,75;2,00;13941,00;12500,00;13455,00;1,09;1,09;1,08;;15,00;13,50;14,25;nan;nan;nan;-42,75;4,00;nan;43,25;43,30;NaN;-10,69;1,00;10,81;10,82;1,00;-0,99;-0,99;
3.7.2015 06:45;000,0;019,0;;;;;22587;1648510;5821;183711;62;712;0;0;0;0;0;0;0;;-20,00;-18,00;-19,00;1,00;1,00;2,50;13848,00;12489,00;13429,00;1,45;1,45;1,43;;20,00;18,00;19,25;nan;nan;1,82;-57,00;4,75;nan;57,33;57,38;NaN;-14,25;1,19;14,33;14,35;1,00;-0,99;-0,99;
3.7.2015 07:00;000,0;026,8;;;;;22587;1648517;5821;183711;62;712;0;0;0;0;0;0;0;;-29,00;-26,00;-27,50;1,25;1,50;3,75;13860,00;12493,00;13427,00;2,10;2,09;2,09;;29,00;26,00;28,00;nan;nan;3,70;-82,75;6,75;nan;83,24;83,32;NaN;-20,69;1,69;20,81;20,83;1,00;-0,99;-0,99;
3.7.2015 07:15;000,0;039,8;;;;;22587;1648527;5821;183712;62;712;0;0;0;0;0;0;0;;-43,50;-39,25;-41,75;2,25;2,75;6,00;13818,00;12511,00;13421,00;3,16;3,15;3,15;;43,50;39,25;42,25;nan;nan;2,45;-124,75;11,50;nan;125,42;125,52;NaN;-31,19;2,88;31,35;31,38;1,00;-0,99;-0,99;
3.7.2015 07:30;000,0;057,4;;;;;22587;1648541;5821;183714;62;712;0;0;0;0;0;0;0;;-56,50;-51,00;-54,25;3,75;4,25;8,50;13759,00;12478,00;13391,00;4,12;4,12;4,11;;56,50;51,25;54,75;nan;2,74;nan;-162,00;16,75;nan;163,00;163,14;NaN;-40,50;4,19;40,75;40,78;0,99;-0,99;-0,99;
3.7.2015 07:45;000,0;073,3;;;;;22587;1648560;5821;183715;62;712;0;0;0;0;0;0;0;;-71,75;-64,50;-69,25;3,50;5,00;10,00;13778,00;12436,00;13346,00;5,22;5,22;5,26;;71,75;64,75;70,00;nan;2,70;2,11;-205,75;19,00;nan;207,04;207,22;NaN;-51,44;4,75;51,76;51,80;1,00;-0,99;-0,99;
3.7.2015 08:00;000,0;091,4;;;;;22587;1648583;5821;183718;62;712;0;0;0;0;0;0;0;;-86,75;-78,00;-83,25;5,00;6,00;12,75;13841,00;12444,00;13370,00;6,29;6,29;6,31;;87,00;78,25;84,25;4,29;1,75;2,22;-248,25;24,00;8,27;249,73;249,97;14,55;-62,06;6,00;62,43;62,49;1,00;-0,99;-0,99;
3.7.2015 08:15;000,0;108,2;;;;;22587;1648610;5821;183720;62;712;0;0;0;0;0;0;0;;-101,75;-91,50;-97,75;6,75;8,00;16,00;13754,00;12423,00;13335,00;7,43;7,41;7,44;;102,00;92,00;99,00;2,32;5,27;nan;-291,50;31,00;nan;293,46;293,70;NaN;-72,88;7,75;73,36;73,43;0,99;-0,99;-0,99;
3.7.2015 08:30;000,0;125,5;;;;;22587;1648641;5821;183724;62;712;0;0;0;0;0;0;0;;-118,25;-106,25;-113,25;9,25;10,50;19,75;13762,00;12431,00;13335,00;8,62;8,60;8,63;;118,50;106,75;115,00;nan;nan;3,06;-337,75;39,50;nan;340,59;340,87;NaN;-84,44;9,88;85,15;85,22;0,99;-0,99;-0,99;
3.7.2015 08:45;000,0;143,9;;;;;22587;1648677;5821;183728;62;712;0;0;0;0;0;0;0;;-131,75;-118,75;-127,00;8,75;10,75;20,50;13780,00;12436,00;13357,00;9,59;9,59;9,63;;132,00;119,25;128,50;nan;1,85;nan;-377,50;40,00;nan;380,00;380,34;NaN;-94,38;10,00;95,00;95,09;0,99;-0,99;-0,99;
3.7.2015 09:00;000,0;158,2;;;;;22587;1648717;5821;183732;62;712;0;0;0;0;0;0;0;;-145,50;-130,75;-140,00;10,25;12,75;23,75;13769,00;12420,00;13341,00;10,61;10,59;10,66;;146,00;131,50;142,25;6,38;5,84;8,43;-416,75;46,75;20,65;419,86;420,23;17,25;-104,19;11,69;104,97;105,06;0,99;-0,99;-0,99;
3.7.2015 09:15;000,0;173,0;;;;;22587;1648760;5821;183737;62;712;0;0;0;0;0;0;0;;-157,75;-142,25;-151,75;12,25;14,25;26,25;13789,00;12480,00;13385,00;11,48;11,47;11,52;;158,25;143,00;154,00;2,82;3,30;nan;-452,00;53,00;nan;455,51;455,88;NaN;-113,00;13,25;113,88;113,97;0,99;-0,99;-0,99;
3.7.2015 09:30;000,0;187,7;;;;;22587;1648807;5821;183743;62;712;0;0;0;0;0;0;0;;-169,75;-152,75;-163,25;13,75;16,00;29,00;13873,00;12524,00;13445,00;12,29;12,27;12,34;;170,25;153,50;165,75;nan;nan;nan;-486,00;59,00;nan;490,04;490,46;NaN;-121,50;14,75;122,51;122,62;0,99;-0,99;-0,99;
3.7.2015 09:45;000,0;203,3;;;;;22587;1648858;5821;183749;62;712;0;0;0;0;0;0;0;;-183,75;-165,75;-177,50;13,00;16,25;29,50;13881,00;12558,00;13478,00;13,27;13,27;13,37;;184,25;166,50;180,00;3,87;nan;4,85;-527,00;59,25;nan;530,98;531,43;NaN;-131,75;14,81;132,75;132,86;0,99;-0,99;-0,99;
3.7.2015 10:00;000,0;206,3;;;;;22587;1648910;5821;183756;62;712;0;0;0;0;0;0;0;;-173,25;-159,50;-160,75;50,75;43,75;58,00;13901,00;12548,00;13481,00;13,01;13,19;12,70;;180,75;165,25;171,00;8,91;nan;6,04;-493,75;152,75;nan;517,60;518,32;NaN;-123,44;38,19;129,40;129,58;0,95;-0,95;-0,95;
3.7.2015 10:15;000,0;190,2;;;;;22587;1648957;5821;183771;62;712;0;0;0;0;0;0;0;;-174,50;-159,25;-161,00;50,75;43,50;59,25;13955,00;12589,00;13522,00;13,04;13,12;12,70;;182,00;165,25;171,75;9,91;7,40;8,15;-495,00;153,75;25,46;518,93;519,58;25,51;-123,75;38,44;129,73;129,89;0,95;-0,95;-0,95;
3.7.2015 10:30;000,0;204,9;;;;;22587;1649008;5821;183787;62;712;0;0;0;0;0;0;0;;-183,50;-168,50;-171,00;52,00;45,75;60,50;13964,00;12644,00;13557,00;13,67;13,83;13,40;;190,75;174,75;181,50;3,05;7,23;6,40;-523,25;158,75;16,68;547,38;548,06;33,17;-130,81;39,69;136,85;137,02;0,95;-0,96;-0,95;
3.7.2015 10:45;000,0;217,0;;;;;22587;1649063;5821;183803;62;712;0;0;0;0;0;0;0;;-194,75;-178,75;-181,50;54,25;47,25;63,25;13983,00;12618,00;13557,00;14,48;14,67;14,18;;202,25;185,00;192,25;5,87;6,39;4,15;-555,25;165,00;16,42;579,85;580,63;36,57;-138,81;41,25;144,96;145,16;0,96;-0,96;-0,96;
3.7.2015 11:00;000,0;229,5;;;;;22587;1649120;5821;183820;62;712;0;0;0;0;0;0;0;;-208,75;-190,75;-195,25;55,25;49,75;67,00;14014,00;12650,00;13560,00;15,43;15,60;15,24;;216,00;197,25;206,75;5,18;6,85;11,58;-595,25;172,25;23,61;620,20;620,94;31,81;-148,81;43,06;155,05;155,23;0,96;-0,96;-0,96;
3.7.2015 11:15;000,0;240,4;;;;;22587;1649180;5821;183837;62;712;0;0;0;0;0;0;0;;-215,25;-198,75;-202,50;60,25;54,50;70,00;13978,00;12639,00;13570,00;16,00;16,31;15,81;;223,50;206,00;214,25;nan;nan;nan;-616,75;184,75;nan;644,26;645,15;NaN;-154,19;46,19;161,07;161,29;0,96;-0,96;-0,96;
3.7.2015 11:30;000,0;257,7;;;;;22587;1649245;5821;183847;62;712;0;0;0;0;0;0;0;;-248,50;-225,25;-240,00;24,00;27,25;45,50;13988,00;12677,00;13581,00;17,92;17,91;17,99;;250,50;227,00;244,25;20,54;6,99;nan;-714,75;97,25;nan;722,13;722,72;NaN;-178,69;24,31;180,53;180,68;0,99;-0,99;-0,99;
3.7.2015 11:45;000,0;263,0;;;;;22587;1649311;5821;183856;62;712;0;0;0;0;0;0;0;;-250,00;-225,75;-240,75;24,50;28,00;45,75;13988,00;12668,00;13572,00;17,96;17,97;18,07;;251,25;227,50;245,25;5,13;3,03;9,69;-716,75;98,50;17,85;724,15;724,75;38,90;-179,19;24,62;181,04;181,19;0,99;-0,99;-0,99;
3.7.2015 12:00;000,0;241,0;;;;;22587;1649371;5821;183866;62;712;0;0;0;0;0;0;0;;-275,75;-247,75;-263,75;29,50;31,75;53,50;14042,00;12640,00;13574,00;19,76;19,77;19,84;;277,25;249,75;269,25;nan;nan;8,32;-787,50;115,00;nan;796,60;797,35;NaN;-196,88;28,75;199,15;199,34;0,99;-0,99;-0,99;
3.7.2015 12:15;000,0;270,7;;;;;22587;1649438;5821;183875;62;712;0;0;0;0;0;0;0;;-94,75;-85,00;-92,00;4,25;7,00;13,75;13822,00;12497,00;13415,00;6,86;6,84;6,85;;94,75;85,25;93,25;nan;nan;6,52;-272,00;25,25;nan;272,19;272,42;NaN;-68,00;6,31;68,05;68,10;1,00;-1,00;-1,00;
3.7.2015 12:30;000,0;209,0;;;;;22587;1649490;5821;183882;62;712;0;0;0;0;0;0;0;;-107,00;-96,25;-103,75;5,25;7,75;15,50;13872,00;12538,00;13454,00;7,74;7,70;7,80;;107,25;96,50;105,00;5,10;nan;4,55;-307,25;28,50;nan;308,95;309,19;NaN;-76,81;7,12;77,24;77,30;1,00;-0,99;-0,99;
3.7.2015 12:45;000,0;240,9;;;;;22587;1649551;5821;183892;62;712;0;0;0;0;0;0;0;;-227,00;-208,00;-212,25;62,75;56,00;74,50;13849,00;12522,00;13437,00;17,02;17,22;16,76;;235,75;215,50;225,00;10,56;6,34;4,97;-647,50;193,50;21,87;676,45;677,27;38,94;-161,88;48,38;169,11;169,32;0,96;-0,96;-0,96;
3.7.2015 13:00;000,0;115,2;;;;;22587;1649580;5821;183895;62;712;0;0;0;0;0;0;0;;-230,75;-209,00;-221,50;39,25;40,75;57,25;13872,00;12583,00;13510,00;16,88;16,93;16,94;;234,00;213,00;228,75;nan;5,24;nan;-661,25;137,50;nan;676,01;676,60;NaN;-165,31;34,38;169,00;169,15;0,98;-0,98;-0,98;
3.7.2015 13:15;000,0;287,0;;;;;22587;1649652;5821;183905;62;712;0;0;0;0;0;0;0;;-240,50;-216,75;-231,25;22,75;25,75;43,50;13939,00;12610,00;13516,00;17,33;17,33;17,42;;241,50;218,50;235,25;nan;9,93;nan;-688,75;92,25;nan;695,51;696,10;NaN;-172,19;23,06;173,88;174,02;0,99;-0,99;-0,99;
3.7.2015 13:30;000,0;272,9;;;;;22587;1649720;5821;183914;62;712;0;0;0;0;0;0;0;;-226,75;-204,50;-218,75;20,25;24,00;40,00;13921,00;12590,00;13512,00;16,35;16,36;16,46;;227,50;205,75;222,25;nan;nan;nan;-650,00;84,50;nan;656,09;656,65;NaN;-162,50;21,12;164,02;164,16;0,99;-0,99;-0,99;
3.7.2015 13:45;000,0;271,5;;;;;22587;1649788;5821;183923;62;712;0;0;0;0;0;0;0;;-234,25;-211,50;-225,75;21,25;24,75;41,50;13953,00;12648,00;13551,00;16,86;16,85;16,95;;235,00;213,00;229,75;nan;4,92;9,99;-671,75;87,75;nan;678,09;678,63;NaN;-167,94;21,94;169,52;169,66;0,99;-0,99;-0,99;
3.7.2015 14:00;000,0;275,3;;;;;22587;1649857;5821;183933;62;712;0;0;0;0;0;0;0;;-242,50;-218,00;-232,50;22,50;25,50;44,50;14030,00;12659,00;13574,00;17,37;17,36;17,45;;243,50;219,50;236,75;nan;2,45;3,75;-693,25;92,50;nan;700,40;701,01;NaN;-173,31;23,12;175,10;175,25;0,99;-0,99;-0,99;
3.7.2015 14:15;000,0;238,0;;;;;22587;1649916;5821;183940;62;712;0;0;0;0;0;0;0;;-246,00;-221,75;-236,25;23,75;26,25;45,00;13994,00;12637,00;13552,00;17,68;17,68;17,76;;247,25;223,50;240,50;7,25;9,49;1,09;-704,50;95,25;17,83;711,58;712,21;39,12;-176,12;23,81;177,90;178,05;0,99;-0,99;-0,99;
3.7.2015 14:30;000,0;262,9;;;;;22587;1649982;5821;183949;62;712;0;0;0;0;0;0;0;;-224,50;-202,25;-216,25;19,50;22,75;39,00;14003,00;12648,00;13568,00;16,10;16,10;16,21;;225,50;203,50;219,75;8,35;nan;2,24;-643,25;81,50;nan;649,08;649,65;NaN;-160,81;20,38;162,27;162,41;0,99;-0,99;-0,99;
3.7.2015 14:45;000,0;207,5;;;;;22587;1650034;5821;183955;62;712;0;0;0;0;0;0;0;;-239,50;-215,75;-230,25;22,00;25,00;42,75;14048,00;12676,00;13601,00;17,13;17,14;17,23;;240,50;217,25;234,25;nan;4,95;5,52;-685,75;90,00;nan;692,18;692,81;NaN;-171,44;22,50;173,05;173,20;0,99;-0,99;-0,99;
3.7.2015 15:00;000,0;247,2;;;;;22587;1650095;5821;183966;62;712;0;0;0;0;0;0;0;;-219,00;-197,25;-211,00;18,50;21,50;37,75;13996,00;12636,00;13559,00;15,71;15,72;15,81;;219,75;198,50;214,25;nan;5,70;nan;-627,50;78,00;nan;632,92;633,48;NaN;-156,88;19,50;158,23;158,37;0,99;-0,99;-0,99;
3.7.2015 15:15;000,0;233,0;;;;;22587;1650153;5821;183973;62;712;0;0;0;0;0;0;0;;-202,00;-182,00;-194,75;15,75;19,00;33,50;13991,00;12629,00;13558,00;14,49;14,50;14,59;;202,50;183,00;197,75;nan;2,00;7,43;-579,00;68,75;nan;583,73;584,25;NaN;-144,75;17,19;145,93;146,06;0,99;-0,99;-0,99;
3.7.2015 15:30;000,0;227,9;;;;;22587;1650210;5821;183980;62;712;0;0;0;0;0;0;0;;-203,50;-183,00;-196,25;16,00;19,00;34,00;13983,00;12618,00;13551,00;14,60;14,60;14,70;;204,00;184,25;199,25;nan;9,90;5,52;-583,00;69,50;nan;587,74;588,26;NaN;-145,75;17,38;146,94;147,07;0,99;-0,99;-0,99;
3.7.2015 15:45;000,0;231,5;;;;;22587;1650268;5821;183987;62;712;0;0;0;0;0;0;0;;-199,50;-179,50;-192,00;15,50;18,00;33,25;14006,00;12633,00;13544,00;14,30;14,29;14,39;;200,25;180,50;194,75;7,72;6,00;nan;-571,25;67,00;nan;575,71;576,21;NaN;-142,81;16,75;143,93;144,05;0,99;-0,99;-0,99;
3.7.2015 16:00;000,0;211,8;;;;;22587;1650321;5821;183993;62;712;0;0;0;0;0;0;0;;-174,75;-157,00;-168,00;11,75;14,00;27,75;14044,00;12659,00;13577,00;12,48;12,46;12,56;;175,25;157,50;170,50;6,08;nan;8,73;-500,00;54,00;nan;503,46;503,90;NaN;-125,00;13,50;125,87;125,97;0,99;-0,99;-0,99;
3.7.2015 16:15;000,0;194,7;;;;;22587;1650370;5821;183998;62;712;0;0;0;0;0;0;0;;-165,50;-148,75;-159,50;10,75;13,25;25,75;13978,00;12640,00;13557,00;11,87;11,83;11,94;;165,75;149,50;161,75;nan;6,94;7,73;-474,00;50,00;nan;477,32;477,70;NaN;-118,50;12,50;119,33;119,42;0,99;-0,99;-0,99;
3.7.2015 16:30;000,0;182,4;;;;;22587;1650415;5821;184003;62;712;0;0;0;0;0;0;0;;-152,25;-137,25;-147,50;9,00;12,00;23,00;13953,00;12659,00;13561,00;10,94;10,89;11,02;;152,50;137,75;149,25;nan;nan;nan;-437,25;44,00;nan;439,88;440,19;NaN;-109,31;11,00;109,97;110,05;0,99;-0,99;-0,99;
3.7.2015 16:45;000,0;168,9;;;;;22587;1650457;5821;184007;62;712;0;0;0;0;0;0;0;;-140,50;-126,25;-135,75;8,00;10,25;21,00;13966,00;12632,00;13557,00;10,08;10,04;10,14;;140,75;126,75;137,25;2,51;4,63;nan;-402,50;39,50;nan;405,04;405,35;NaN;-100,62;9,88;101,26;101,34;1,00;-0,99;-0,99;
3.7.2015 17:00;000,0;155,0;;;;;22587;1650496;5821;184011;62;712;0;0;0;0;0;0;0;;-124,25;-112,00;-120,25;6,25;8,75;17,75;14016,00;12672,00;13595,00;8,89;8,87;8,96;;124,50;112,25;121,75;4,81;nan;6,92;-356,75;33,25;nan;358,75;359,04;NaN;-89,19;8,31;89,69;89,76;1,00;-0,99;-0,99;
3.7.2015 17:15;000,0;134,8;;;;;22587;1650530;5821;184014;62;712;0;0;0;0;0;0;0;;-110,75;-100,00;-107,75;5,50;8,00;15,50;13972,00;12679,00;13577,00;7,94;7,93;8,03;;110,75;100,50;109,00;nan;6,02;5,54;-318,75;29,25;nan;320,44;320,68;NaN;-79,69;7,31;80,11;80,17;1,00;-0,99;-0,99;
3.7.2015 17:30;000,0;120,4;;;;;22587;1650560;5821;184016;62;712;0;0;0;0;0;0;0;;-107,75;-96,75;-104,50;5,00;7,75;15,50;13995,00;12642,00;13554,00;7,71;7,69;7,81;;107,75;97,00;105,75;nan;nan;4,75;-309,25;28,25;nan;310,94;311,19;NaN;-77,31;7,06;77,74;77,80;1,00;-0,99;-0,99;
3.7.2015 17:45;000,0;100,2;;;;;22587;1650585;5821;184019;62;712;0;0;0;0;0;0;0;;-83,75;-75,50;-81,00;4,00;5,50;11,50;13979,00;12665,00;13571,00;6,01;6,00;6,03;;84,00;75,75;81,75;5,09;2,75;nan;-240,50;21,25;nan;241,87;242,06;NaN;-60,12;5,31;60,47;60,52;1,00;-0,99;-0,99;
3.7.2015 18:00;000,0;062,3;;;;;22587;1650600;5821;184020;62;712;0;0;0;0;0;0;0;;-68,25;-61,50;-65,75;3,00;4,00;9,25;14048,00;12684,00;13593,00;4,87;4,86;4,89;;68,25;61,50;66,25;nan;nan;nan;-195,50;16,75;nan;196,53;196,69;NaN;-48,88;4,19;49,13;49,17;1,00;-0,99;-0,99;
3.7.2015 18:15;000,0;063,8;;;;;22587;1650616;5821;184022;62;712;0;0;0;0;0;0;0;;-54,25;-49,00;-52,25;2,50;3,25;7,25;14010,00;12642,00;13567,00;3,89;3,89;3,91;;54,50;49,25;53,00;4,58;3,74;5,14;-156,00;13,25;13,45;156,79;156,93;NaN;-39,00;3,31;39,20;39,23;1,00;-0,99;-0,99;
3.7.2015 18:30;000,0;054,2;;;;;22587;1650630;5821;184023;62;712;0;0;0;0;0;0;0;;-40,25;-36,50;-39,00;2,00;2,75;5,50;13961,00;12638,00;13540,00;2,89;2,90;2,91;;40,25;36,50;39,25;nan;nan;nan;-115,75;10,25;nan;116,50;116,60;NaN;-28,94;2,56;29,12;29,15;1,00;-0,99;-0,99;
3.7.2015 18:45;000,0;035,6;;;;;22587;1650638;5821;184024;62;712;0;0;0;0;0;0;0;;-16,00;-14,50;-15,25;1,00;1,00;2,25;13914,00;12600,00;13505,00;1,16;1,16;1,15;;16,00;14,50;15,50;nan;nan;1,62;-46,00;4,25;nan;46,39;46,43;NaN;-11,50;1,06;11,60;11,61;1,00;-0,99;-0,99;
3.7.2015 19:00;000,0;018,3;;;;;22587;1650643;5821;184024;62;712;0;0;0;0;0;0;0;;-10,50;-9,25;-9,75;1,00;0,75;1,75;13896,00;12569,00;13466,00;0,76;0,76;0,75;;10,50;9,50;10,00;nan;2,03;1,37;-29,75;3,50;nan;30,22;30,24;NaN;-7,44;0,88;7,55;7,56;0,99;-0,98;-0,98;
3.7.2015 19:15;000,0;015,5;;;;;22587;1650647;5821;184024;62;712;0;0;0;0;0;0;0;;-12,00;-10,75;-11,25;1,00;0,75;1,75;13894,00;12589,00;13483,00;0,87;0,87;0,85;;12,00;10,75;11,50;nan;nan;1,62;-34,00;3,75;nan;34,53;34,57;NaN;-8,50;0,94;8,63;8,64;0,99;-0,98;-0,98;
3.7.2015 19:30;000,0;012,1;;;;;22587;1650650;5821;184025;62;712;0;0;0;0;0;0;0;;-9,25;-8,00;-8,50;0,75;0,75;1,50;13943,00;12591,00;13489,00;0,67;0,66;0,65;;9,25;8,25;8,75;nan;1,87;1,44;-26,00;3,25;nan;26,42;26,44;NaN;-6,50;0,81;6,60;6,61;0,99;-0,98;-0,98;
3.7.2015 19:45;000,0;008,1;;;;;22587;1650652;5821;184025;62;712;0;0;0;0;0;0;0;;-5,75;-5,00;-5,00;1,00;0,75;1,25;13959,00;12611,00;13507,00;0,42;0,41;0,40;;5,75;5,00;5,25;nan;nan;1,00;-15,75;3,25;nan;16,54;16,55;NaN;-3,94;0,81;4,13;4,14;0,98;-0,95;-0,95;
3.7.2015 20:00;000,0;005,4;;;;;22587;1650653;5821;184025;62;712;0;0;0;0;0;0;0;;-3,75;-3,25;-3,25;1,00;0,50;1,25;13961,00;12622,00;13524,00;0,29;0,28;0,27;;4,00;3,50;3,50;0,97;1,20;0,35;-10,50;3,00;2,52;11,27;11,28;1,25;-2,62;0,75;2,82;2,82;0,96;-0,93;-0,93;
3.7.2015 20:15;000,0;003,2;;;;;22587;1650654;5821;184026;62;712;0;0;0;0;0;0;0;;-2,00;-1,50;-1,25;1,00;0,50;1,00;13981,00;12610,00;13508,00;0,17;0,14;0,14;;2,25;1,75;1,75;0,25;0,75;0,71;-4,75;2,75;1,71;6,06;6,07;1,96;-1,19;0,69;1,52;1,52;0,84;-0,78;-0,78;
3.7.2015 20:30;000,0;000,9;;;;;22587;1650654;5821;184026;62;712;0;0;0;0;0;0;0;;-0,25;0,00;0,00;1,00;0,50;0,75;13883,00;12582,00;13476,00;0,10;0,09;0,10;;1,25;1,00;1,25;0,71;0,87;1,00;-0,25;2,50;2,57;3,77;3,77;1,13;-0,06;0,62;0,94;0,94;-0,84;-0,07;-0,07;
3.7.2015 20:45;000,8;000,0;;;;;22587;1650654;5822;184026;62;712;0;0;0;0;0;0;0;;0,75;0,75;1,00;0,00;0,00;0,00;13853,00;12550,00;13455,00;0,07;0,07;0,09;;0,75;0,75;1,00;0,00;0,00;0,00;3,00;0,00;0,00;3,06;3,08;0,70;0,75;0,00;0,76;0,77;1,00;0,98;0,97;
3.7.2015 21:00;001,2;000,0;;;;;22588;1650654;5822;184026;62;712;0;0;0;0;0;0;0;;0,75;0,75;1,00;0,00;0,00;0,00;13814,00;12538,00;13437,00;0,07;0,07;0,09;;0,75;0,75;1,00;0,00;0,00;0,00;2,75;0,00;0,00;3,02;3,05;1,31;0,69;0,00;0,75;0,76;1,00;0,91;0,90;
3.7.2015 21:15;001,2;000,0;;;;;22588;1650654;5822;184026;62;712;0;0;0;0;0;0;0;;0,75;0,75;1,00;0,00;0,00;0,00;13847,00;12550,00;13452,00;0,07;0,07;0,09;;0,75;0,75;1,00;0,00;0,00;0,00;3,00;0,00;0,00;3,02;3,05;0,56;0,75;0,00;0,76;0,76;1,00;0,99;0,98;
3.7.2015 21:30;001,2;000,0;;;;;22588;1650654;5822;184026;62;712;0;0;0;0;0;0;0;;0,75;0,75;1,00;0,00;0,00;0,00;13878,00;12528,00;13441,00;0,07;0,07;0,09;;0,75;0,75;1,00;0,00;0,00;0,00;3,00;0,00;0,00;3,02;3,05;0,56;0,75;0,00;0,76;0,76;1,00;0,99;0,98;
3.7.2015 21:45;001,2;000,0;;;;;22589;1650654;5822;184026;62;712;0;0;0;0;0;0;0;;0,75;0,75;1,00;0,00;0,00;0,00;13927,00;12561,00;13490,00;0,07;0,07;0,09;;0,75;0,75;1,00;0,00;0,00;0,00;3,00;0,00;0,00;3,07;3,09;0,74;0,75;0,00;0,77;0,77;1,00;0,98;0,97;
3.7.2015 22:00;001,2;000,0;;;;;22589;1650654;5822;184026;62;712;0;0;0;0;0;0;0;;0,75;0,75;1,00;0,00;0,00;0,00;13928,00;12574,00;13489,00;0,07;0,07;0,09;;0,75;0,75;1,00;0,00;0,00;0,00;3,00;0,00;0,00;3,07;3,09;0,75;0,75;0,00;0,77;0,77;1,00;0,98;0,97;
3.7.2015 22:15;001,2;000,0;;;;;22589;1650654;5822;184026;62;712;0;0;0;0;0;0;0;;0,75;0,75;1,00;0,00;0,00;0,00;13932,00;12590,00;13504,00;0,07;0,07;0,09;;0,75;0,75;1,00;0,00;0,00;0,00;3,00;0,00;0,00;3,07;3,09;0,76;0,75;0,00;0,77;0,77;1,00;0,98;0,97;
3.7.2015 22:30;001,2;000,0;;;;;22590;1650654;5822;184026;62;712;0;0;0;0;0;0;0;;0,75;0,75;1,00;0,00;0,00;0,00;13953,00;12575,00;13503,00;0,07;0,07;0,09;;0,75;0,75;1,25;0,00;0,00;0,75;3,00;0,00;0,75;3,11;3,13;0,51;0,75;0,00;0,78;0,78;1,00;0,97;0,96;
3.7.2015 22:45;001,2;000,0;;;;;22590;1650654;5822;184026;62;712;0;0;0;0;0;0;0;;0,75;0,75;1,00;0,00;0,00;0,00;13956,00;12591,00;13526,00;0,07;0,07;0,09;;0,75;0,75;1,25;0,00;0,00;0,75;3,00;0,00;0,75;3,08;3,10;0,19;0,75;0,00;0,77;0,77;1,00;0,98;0,97;
3.7.2015 23:00;001,2;000,0;;;;;22590;1650654;5822;184026;62;712;0;0;0;0;0;0;0;;0,75;0,75;1,00;0,00;0,00;0,00;13963,00;12551,00;13494,00;0,07;0,07;0,09;;0,75;0,75;1,00;0,00;0,00;0,00;3,00;0,00;0,00;3,07;3,09;0,75;0,75;0,00;0,77;0,77;1,00;0,98;0,97;
3.7.2015 23:15;001,2;000,0;;;;;22590;1650654;5822;184026;62;712;0;0;0;0;0;0;0;;0,75;0,75;1,25;0,00;0,00;0,00;13999,00;12598,00;13559,00;0,07;0,07;0,09;;0,75;0,75;1,25;0,00;0,00;0,00;3,00;0,00;0,00;3,12;3,14;0,94;0,75;0,00;0,78;0,79;1,00;0,96;0,95;
3.7.2015 23:30;001,3;000,0;;;;;22591;1650654;5822;184026;62;712;0;0;0;0;0;0;0;;0,75;0,75;1,25;0,00;0,00;0,00;14050,00;12611,00;13571,00;0,07;0,07;0,09;;0,75;0,75;1,25;0,00;0,00;0,00;3,00;0,00;0,00;3,12;3,15;0,96;0,75;0,00;0,78;0,79;1,00;0,96;0,95;
3.7.2015 23:45;001,2;000,0;;;;;22591;1650654;5822;184026;62;712;0;0;0;0;0;0;0;;0,75;0,75;1,25;0,00;0,00;0,00;14129,00;12638,00;13620,00;0,07;0,07;0,09;;1,00;0,75;1,25;0,66;0,00;0,00;3,00;0,00;0,66;3,13;3,16;0,75;0,75;0,00;0,78;0,79;1,00;0,96;0,95;
4.7.2015 00:00;001,2;000,0;;;;;22591;1650654;5822;184026;62;712;0;0;0;0;0;0;0;;0,75;0,75;1,25;0,00;0,00;0,00;14137,00;12653,00;13630,00;0,07;0,07;0,09;;1,00;0,75;1,25;0,66;0,00;0,00;3,00;0,00;0,66;3,14;3,17;0,76;0,75;0,00;0,78;0,79;1,00;0,96;0,95;
4.7.2015 00:15;001,3;000,0;;;;;22592;1650654;5822;184026;62;712;0;0;0;0;0;0;0;;0,75;0,75;1,00;0,00;0,00;0,00;13928,00;12585,00;13542,00;0,07;0,07;0,09;;0,75;0,75;1,25;0,00;0,00;0,75;3,00;0,00;0,75;3,11;3,14;0,52;0,75;0,00;0,78;0,78;1,00;0,97;0,96;
4.7.2015 00:30;001,2;000,0;;;;;22592;1650654;5822;184026;62;712;0;0;0;0;0;0;0;;0,75;0,75;1,00;0,00;0,00;0,00;13952,00;12556,00;13521,00;0,07;0,07;0,09;;0,75;0,75;1,25;0,00;0,00;0,75;3,00;0,00;0,75;3,11;3,13;0,51;0,75;0,00;0,78;0,78;1,00;0,97;0,96;
4.7.2015 00:45;001,2;000,0;;;;;22592;1650654;5822;184026;62;712;0;0;0;0;0;0;0;;0,75;0,75;1,00;0,00;0,00;0,00;13967,00;12520,00;13486,00;0,07;0,07;0,09;;0,75;0,75;1,00;0,00;0,00;0,00;3,00;0,00;0,00;3,07;3,09;0,74;0,75;0,00;0,77;0,77;1,00;0,98;0,97;
4.7.2015 01:00;001,2;000,0;;;;;22593;1650654;5822;184026;62;712;0;0;0;0;0;0;0;;0,75;0,75;1,00;0,00;0,00;0,00;13921,00;12521,00;13482,00;0,07;0,07;0,09;;0,75;0,75;1,00;0,00;0,00;0,00;3,00;0,00;0,00;3,06;3,09;0,73;0,75;0,00;0,77;0,77;1,00;0,98;0,97;
4.7.2015 01:15;001,2;000,0;;;;;22593;1650654;5822;184026;62;712;0;0;0;0;0;0;0;;0,75;0,75;1,00;0,00;0,00;0,00;13916,00;12551,00;13512,00;0,07;0,07;0,09;;0,75;0,75;1,00;0,00;0,00;0,00;3,00;0,00;0,00;3,07;3,09;0,74;0,75;0,00;0,77;0,77;1,00;0,98;0,97;
4.7.2015 01:30;001,2;000,0;;;;;22593;1650654;5822;184026;62;712;0;0;0;0;0;0;0;;0,75;0,75;1,00;0,00;0,00;0,00;13923,00;12547,00;13518,00;0,07;0,07;0,09;;0,75;0,75;1,25;0,00;0,00;0,75;3,00;0,00;0,75;3,10;3,13;0,49;0,75;0,00;0,78;0,78;1,00;0,97;0,96;
4.7.2015 01:45;001,3;000,0;;;;;22593;1650654;5822;184026;62;712;0;0;0;0;0;0;0;;0,75;0,75;1,00;0,00;0,00;0,00;13967,00;12561,00;13530,00;0,07;0,07;0,09;;0,75;0,75;1,25;0,00;0,00;0,75;3,00;0,00;0,75;3,11;3,14;0,52;0,75;0,00;0,78;0,78;1,00;0,97;0,96;
4.7.2015 02:00;001,2;000,0;;;;;22594;1650654;5822;184026;62;712;0;0;0;0;0;0;0;;0,75;0,75;1,25;0,00;0,00;0,00;13979,00;12569,00;13550,00;0,07;0,07;0,09;;0,75;0,75;1,25;0,00;0,00;0,00;3,00;0,00;0,00;3,11;3,14;0,93;0,75;0,00;0,78;0,78;1,00;0,96;0,96;
4.7.2015 02:15;001,2;000,0;;;;;22594;1650654;5822;184026;62;712;0;0;0;0;0;0;0;;0,75;0,75;1,25;0,00;0,00;0,00;13935,00;12604,00;13567,00;0,07;0,07;0,09;;0,75;0,75;1,25;0,00;0,00;0,00;3,00;0,00;0,00;3,11;3,14;0,93;0,75;0,00;0,78;0,78;1,00;0,96;0,96;
4.7.2015 02:30;001,2;000,0;;;;;22594;1650654;5822;184026;62;712;0;0;0;0;0;0;0;;0,75;0,75;1,00;0,00;0,00;0,00;13961,00;12558,00;13521,00;0,07;0,07;0,09;;0,75;0,75;1,25;0,00;0,00;0,75;3,00;0,00;0,75;3,11;3,14;0,52;0,75;0,00;0,78;0,78;1,00;0,97;0,96;
4.7.2015 02:45;001,3;000,0;;;;;22595;1650654;5822;184026;62;712;0;0;0;0;0;0;0;;0,75;0,75;1,00;0,00;0,00;0,00;13927,00;12552,00;13508,00;0,07;0,07;0,09;;0,75;0,75;1,25;0,00;0,00;0,75;3,00;0,00;0,75;3,10;3,13;0,49;0,75;0,00;0,78;0,78;1,00;0,97;0,96;
4.7.2015 03:00;001,2;000,0;;;;;22595;1650654;5822;184026;62;712;0;0;0;0;0;0;0;;0,75;0,75;1,00;0,00;0,00;0,00;13966,00;12573,00;13529,00;0,07;0,07;0,09;;0,75;0,75;1,25;0,00;0,00;0,75;3,00;0,00;0,75;3,11;3,14;0,53;0,75;0,00;0,78;0,78;1,00;0,96;0,96;
4.7.2015 03:15;001,2;000,0;;;;;22595;1650654;5822;184026;62;712;0;0;0;0;0;0;0;;0,75;0,75;1,00;0,00;0,00;0,00;13929,00;12561,00;13514,00;0,07;0,07;0,09;;0,75;0,75;1,25;0,00;0,00;0,75;3,00;0,00;0,75;3,10;3,13;0,50;0,75;0,00;0,78;0,78;1,00;0,97;0,96;
4.7.2015 03:30;001,2;000,0;;;;;22596;1650654;5822;184026;62;712;0;0;0;0;0;0;0;;0,75;0,75;1,25;0,00;0,00;0,00;13973,00;12568,00;13523,00;0,07;0,07;0,09;;0,75;0,75;1,25;0,00;0,00;0,00;3,00;0,00;0,00;3,11;3,14;0,92;0,75;0,00;0,78;0,78;1,00;0,97;0,96;
4.7.2015 03:45;001,3;000,0;;;;;22596;1650654;5822;184026;62;712;0;0;0;0;0;0;0;;0,75;0,75;1,25;0,00;0,00;0,00;13960,00;12567,00;13533,00;0,07;0,07;0,09;;0,75;0,75;1,25;0,00;0,00;0,00;3,00;0,00;0,00;3,11;3,14;0,92;0,75;0,00;0,78;0,78;1,00;0,97;0,96;
4.7.2015 04:00;001,2;000,0;;;;;22596;1650654;5822;184026;62;712;0;0;0;0;0;0;0;;0,75;0,75;1,25;0,00;0,00;0,00;13951,00;12593,00;13550,00;0,07;0,07;0,09;;0,75;0,75;1,25;0,00;0,00;0,00;3,00;0,00;0,00;3,11;3,14;0,92;0,75;0,00;0,78;0,78;1,00;0,96;0,96;
4.7.2015 04:15;001,2;000,0;;;;;22597;1650654;5822;184026;62;712;0;0;0;0;0;0;0;;0,75;0,75;1,25;0,00;0,00;0,00;14026,00;12600,00;13562,00;0,07;0,07;0,09;;1,00;0,75;1,25;0,66;0,00;0,00;3,00;0,00;0,66;3,12;3,15;0,68;0,75;0,00;0,78;0,79;1,00;0,96;0,95;
4.7.2015 04:30;001,3;000,0;;;;;22597;1650654;5822;184026;62;712;0;0;0;0;0;0;0;;0,75;0,75;1,25;0,00;0,00;0,00;14018,00;12617,00;13577,00;0,07;0,07;0,09;;1,00;0,75;1,25;0,66;0,00;0,00;3,00;0,00;0,66;3,15;3,18;0,82;0,75;0,00;0,79;0,79;1,00;0,95;0,94;
4.7.2015 04:45;001,2;000,0;;;;;22597;1650654;5822;184026;62;712;0;0;0;0;0;0;0;;0,75;0,75;1,00;0,00;0,00;0,00;14006,00;12607,00;13557,00;0,06;0,07;0,09;;0,75;0,75;1,00;0,00;0,00;0,00;2,75;0,00;0,00;2,98;3,02;1,24;0,69;0,00;0,74;0,75;1,00;0,92;0,91;
4.7.2015 05:00;000,4;000,0;;;;;22597;1650654;5823;184026;62;712;0;0;0;0;0;0;0;;-0,50;-0,50;0,00;1,00;0,50;0,75;14033,00;12619,00;13582,00;0,11;0,09;0,10;;1,50;1,00;1,25;1,00;0,71;1,00;-1,00;2,50;2,71;4,13;4,14;1,59;-0,25;0,62;1,03;1,03;-0,80;-0,24;-0,24;
4.7.2015 05:15;000,0;001,4;;;;;22597;1650654;5823;184026;62;712;0;0;0;0;0;0;0;;-2,25;-1,75;-1,50;1,00;0,50;1,25;14022,00;12634,00;13588,00;0,20;0,16;0,17;;2,50;2,00;2,25;0,43;0,83;1,12;-5,75;2,75;2,38;7,13;7,14;2,15;-1,44;0,69;1,78;1,78;0,89;-0,81;-0,81;
4.7.2015 05:30;000,0;003,3;;;;;22597;1650655;5823;184027;62;712;0;0;0;0;0;0;0;;-3,75;-3,25;-3,25;1,00;0,50;1,25;14003,00;12596,00;13565,00;0,30;0,28;0,28;;4,00;3,50;3,75;0,97;1,20;1,39;-10,50;3,00;3,56;11,52;11,53;1,01;-2,62;0,75;2,88;2,88;0,96;-0,91;-0,91;
4.7.2015 05:45;000,0;005,4;;;;;22597;1650657;5823;184027;62;712;0;0;0;0;0;0;0;;-5,75;-5,00;-5,25;1,00;0,50;1,25;14043,00;12621,00;13579,00;0,44;0,43;0,41;;6,00;5,25;5,50;1,39;1,52;1,06;-16,50;3,00;3,97;17,07;17,09;NaN;-4,12;0,75;4,27;4,27;0,98;-0,97;-0,97;
4.7.2015 06:00;000,0;007,5;;;;;22597;1650659;5823;184027;62;712;0;0;0;0;0;0;0;;-7,25;-6,50;-6,50;1,00;0,50;1,50;13997,00;12586,00;13552,00;0,54;0,53;0,51;;7,50;6,50;6,75;1,64;nan;1,03;-20,50;3,00;nan;21,07;21,10;NaN;-5,12;0,75;5,27;5,27;0,99;-0,97;-0,97;
4.7.2015 06:15;000,0;009,0;;;;;22597;1650661;5823;184028;62;712;0;0;0;0;0;0;0;;-8,50;-7,75;-7,75;1,00;0,75;1,50;13888,00;12525,00;13490,00;0,63;0,62;0,61;;8,50;7,75;8,00;nan;nan;1,30;-24,25;3,25;nan;24,70;24,73;NaN;-6,06;0,81;6,18;6,18;0,99;-0,98;-0,98;
4.7.2015 06:30;000,0;011,1;;;;;22597;1650664;5823;184028;62;712;0;0;0;0;0;0;0;;-11,50;-10,25;-10,75;0,75;0,75;1,75;13924,00;12533,00;13492,00;0,83;0,83;0,82;;11,50;10,25;11,00;nan;nan;1,54;-32,75;3,50;nan;33,12;33,16;NaN;-8,19;0,88;8,28;8,29;0,99;-0,99;-0,99;
4.7.2015 06:45;000,0;017,1;;;;;22597;1650668;5823;184028;62;712;0;0;0;0;0;0;0;;-18,50;-16,50;-17,50;0,75;1,00;2,50;13865,00;12509,00;13458,00;1,34;1,33;1,33;;18,50;16,50;17,75;nan;nan;1,60;-52,75;4,50;nan;53,18;53,22;NaN;-13,19;1,12;13,30;13,31;1,00;-0,99;-0,99;
4.7.2015 07:00;000,0;026,5;;;;;22597;1650675;5823;184029;62;712;0;0;0;0;0;0;0;;-28,25;-25,25;-27,00;1,25;1,50;3,75;13939,00;12486,00;13446,00;2,03;2,04;2,03;;28,25;25,25;27,25;nan;nan;nan;-80,50;6,75;nan;81,10;81,19;NaN;-20,12;1,69;20,28;20,30;1,00;-0,99;-0,99;
4.7.2015 07:15;000,0;039,5;;;;;22597;1650684;5823;184030;62;712;0;0;0;0;0;0;0;;-41,00;-37,00;-39,25;2,00;2,50;5,50;13889,00;12511,00;13442,00;2,96;2,96;2,96;;41,00;37,00;39,75;nan;nan;3,04;-117,25;10,50;nan;118,03;118,14;NaN;-29,31;2,62;29,51;29,54;1,00;-0,99;-0,99;
4.7.2015 07:30;000,0;055,0;;;;;22597;1650698;5823;184031;62;712;0;0;0;0;0;0;0;;-55,50;-50,00;-53,00;3,75;4,00;8,25;13852,00;12452,00;13388,00;4,02;4,03;4,02;;55,50;50,25;53,75;nan;3,01;3,46;-158,75;16,25;nan;159,78;159,95;NaN;-39,69;4,06;39,95;39,99;0,99;-0,99;-0,99;
4.7.2015 07:45;000,0;072,1;;;;;22597;1650717;5823;184033;62;712;0;0;0;0;0;0;0;;-71,25;-64,25;-69,00;3,25;5,00;10,00;13795,00;12458,00;13367,00;5,18;5,17;5,22;;71,25;64,25;69,75;nan;nan;2,02;-204,50;18,50;nan;205,74;205,91;NaN;-51,12;4,62;51,43;51,48;1,00;-0,99;-0,99;
4.7.2015 08:00;000,0;090,0;;;;;22597;1650739;5823;184035;62;712;0;0;0;0;0;0;0;;-86,00;-77,25;-83,00;4,75;6,25;12,75;13852,00;12478,00;13417,00;6,22;6,22;6,27;;86,00;77,50;84,00;nan;nan;2,11;-246,50;23,75;nan;247,93;248,16;NaN;-61,62;5,94;61,98;62,04;1,00;-0,99;-0,99;
4.7.2015 08:15;000,0;107,4;;;;;22597;1650766;5823;184038;62;712;0;0;0;0;0;0;0;;-101,25;-91,00;-97,50;6,50;8,00;15,75;13877,00;12480,00;13414,00;7,33;7,34;7,37;;101,50;91,50;98,75;2,90;5,22;nan;-290,00;30,50;nan;292,08;292,37;NaN;-72,50;7,62;73,02;73,09;0,99;-0,99;-0,99;
4.7.2015 08:30;000,0;124,2;;;;;22597;1650797;5823;184041;62;712;0;0;0;0;0;0;0;;-116,00;-104,50;-111,75;8,75;10,25;18,75;13846,00;12508,00;13440,00;8,41;8,40;8,44;;116,25;105,00;113,25;nan;nan;nan;-332,25;37,75;nan;334,91;335,20;NaN;-83,06;9,44;83,73;83,80;0,99;-0,99;-0,99;
4.7.2015 08:45;000,0;140,9;;;;;22597;1650832;5823;184045;62;712;0;0;0;0;0;0;0;;-129,75;-116,75;-125,25;8,25;10,25;20,00;13852,00;12473,00;13416,00;9,40;9,41;9,46;;130,00;117,25;126,75;nan;3,46;nan;-372,00;38,75;nan;374,49;374,85;NaN;-93,00;9,69;93,62;93,71;0,99;-0,99;-0,99;
4.7.2015 09:00;000,0;156,6;;;;;22597;1650872;5823;184049;62;712;0;0;0;0;0;0;0;;-142,75;-128,75;-138,25;9,25;12,00;22,00;14017,00;12656,00;13615,00;10,21;10,23;10,30;;143,00;129,50;140,25;nan;7,05;8,54;-410,25;43,50;nan;412,92;413,29;NaN;-102,56;10,88;103,23;103,32;0,99;-0,99;-0,99;
4.7.2015 09:15;000,0;171,0;;;;;22597;1650914;5823;184054;62;712;0;0;0;0;0;0;0;;-154,75;-139,25;-149,25;11,00;13,50;24,75;14008,00;12633,00;13589,00;11,08;11,09;11,15;;155,00;140,00;151,25;nan;5,21;nan;-443,50;49,75;nan;446,79;447,20;NaN;-110,88;12,44;111,70;111,80;0,99;-0,99;-0,99;
4.7.2015 09:30;000,0;183,9;;;;;22597;1650961;5823;184059;62;712;0;0;0;0;0;0;0;;-165,75;-149,50;-159,75;12,75;15,00;27,25;14020,00;12680,00;13611,00;11,86;11,86;11,92;;166,25;150,25;162,25;1,85;nan;7,90;-475,25;55,25;nan;479,04;479,45;NaN;-118,81;13,81;119,76;119,86;0,99;-0,99;-0,99;
4.7.2015 09:45;000,0;196,2;;;;;22597;1651010;5823;184065;62;712;0;0;0;0;0;0;0;;-176,75;-159,25;-170,25;14,50;16,75;29,75;14050,00;12691,00;13624,00;12,63;12,64;12,70;;177,25;160,25;173,00;nan;6,24;7,67;-506,50;61,25;nan;510,79;511,24;NaN;-126,62;15,31;127,70;127,81;0,99;-0,99;-0,99;
4.7.2015 10:00;000,0;208,0;;;;;22597;1651062;5823;184071;62;712;0;0;0;0;0;0;0;;-186,50;-167,50;-180,00;12,75;16,25;29,75;14087,00;12691,00;13633,00;13,27;13,27;13,39;;187,00;168,25;182,50;4,92;nan;4,60;-534,25;59,00;nan;538,06;538,54;NaN;-133,56;14,75;134,51;134,64;0,99;-0,99;-0,99;
4.7.2015 10:15;000,0;219,2;;;;;22597;1651116;5823;184077;62;712;0;0;0;0;0;0;0;;-195,00;-175,25;-187,75;14,25;17,00;32,00;14065,00;12644,00;13599,00;13,92;13,93;14,02;;195,75;176,00;190,50;9,49;nan;4,02;-558,25;63,75;nan;562,51;563,05;NaN;-139,56;15,94;140,63;140,76;0,99;-0,99;-0,99;
4.7.2015 10:30;000,0;228,5;;;;;22597;1651174;5823;184084;62;712;0;0;0;0;0;0;0;;-203,75;-183,50;-196,75;15,50;19,00;33,50;14072,00;12691,00;13645,00;14,52;14,55;14,64;;204,25;184,50;199,75;nan;2,65;8,20;-584,25;68,25;nan;588,85;589,39;NaN;-146,06;17,06;147,21;147,35;0,99;-0,99;-0,99;
4.7.2015 10:45;000,0;238,3;;;;;22597;1651233;5823;184091;62;712;0;0;0;0;0;0;0;;-212,25;-191,25;-204,00;17,25;19,25;36,00;14033,00;12696,00;13631,00;15,18;15,15;15,21;;213,00;192,25;207,25;4,62;3,60;6,37;-607,75;73,00;14,59;612,76;613,26;34,50;-151,94;18,25;153,19;153,32;0,99;-0,99;-0,99;
4.7.2015 11:00;000,0;245,8;;;;;22597;1651295;5823;184098;62;712;0;0;0;0;0;0;0;;-217,00;-195,25;-209,00;18,00;21,00;37,25;14029,00;12637,00;13579,00;15,54;15,56;15,65;;217,75;196,50;212,50;1,44;6,98;9,36;-621,75;76,50;17,78;627,06;627,64;34,50;-155,44;19,12;156,76;156,91;0,99;-0,99;-0,99;
4.7.2015 11:15;000,0;252,3;;;;;22597;1651358;5823;184106;62;712;0;0;0;0;0;0;0;;-222,00;-199,75;-213,50;18,75;21,50;38,25;14066,00;12665,00;13609,00;15,85;15,88;15,95;;223,00;201,00;217,00;9,67;6,22;6,61;-635,75;78,75;22,50;641,17;641,78;31,48;-158,94;19,69;160,29;160,44;0,99;-0,99;-0,99;
4.7.2015 11:30;000,0;257,3;;;;;22597;1651422;5823;184114;62;712;0;0;0;0;0;0;0;;-226,00;-203,75;-217,25;19,75;21,75;39,25;14076,00;12702,00;13626,00;16,12;16,13;16,20;;226,75;204,75;220,75;nan;nan;nan;-647,00;81,00;nan;652,67;653,25;NaN;-161,75;20,25;163,17;163,31;0,99;-0,99;-0,99;
4.7.2015 11:45;000,0;260,3;;;;;22597;1651487;5823;184122;62;712;0;0;0;0;0;0;0;;-228,00;-205,50;-219,50;20,50;22,75;39,75;14027,00;12654,00;13599,00;16,34;16,36;16,42;;229,00;207,00;223,25;6,06;10,06;8,96;-653,50;83,50;25,08;659,48;660,09;32,43;-163,38;20,88;164,87;165,02;0,99;-0,99;-0,99;
4.7.2015 12:00;000,0;262,3;;;;;22597;1651553;5823;184131;62;712;0;0;0;0;0;0;0;;-229,25;-206,50;-220,50;20,00;23,25;40,25;14069,00;12691,00;13619,00;16,38;16,39;16,48;;230,25;208,00;224,25;7,71;9,01;6,91;-656,75;83,75;23,63;662,83;663,43;35,22;-164,19;20,94;165,71;165,86;0,99;-0,99;-0,99;
4.7.2015 12:15;000,0;265,7;;;;;22597;1651619;5823;184139;62;712;0;0;0;0;0;0;0;;-234,50;-210,75;-225,00;21,00;23,50;41,75;14077,00;12666,00;13607,00;16,74;16,75;16,83;;235,50;212,00;229,00;5,39;nan;8,54;-670,50;86,75;nan;676,78;677,42;NaN;-167,62;21,69;169,19;169,35;0,99;-0,99;-0,99;
4.7.2015 12:30;000,0;266,8;;;;;22597;1651686;5823;184148;62;712;0;0;0;0;0;0;0;;-234,75;-211,00;-225,25;21,25;24,00;41,50;14084,00;12675,00;13610,00;16,74;16,76;16,85;;235,75;212,50;229,25;4,35;7,70;9,79;-671,25;87,00;21,83;677,59;678,24;37,19;-167,81;21,75;169,40;169,56;0,99;-0,99;-0,99;
4.7.2015 12:45;000,0;268,5;;;;;22597;1651753;5823;184157;62;712;0;0;0;0;0;0;0;;-234,50;-211,00;-225,75;20,75;24,00;41,75;14096,00;12699,00;13644,00;16,71;16,73;16,83;;235,50;212,25;229,50;6,28;nan;nan;-671,50;86,50;nan;677,66;678,29;NaN;-167,88;21,62;169,42;169,57;0,99;-0,99;-0,99;
4.7.2015 13:00;000,0;268,3;;;;;22597;1651820;5823;184165;62;712;0;0;0;0;0;0;0;;-232,50;-209,00;-223,50;20,75;23,50;41,00;14085,00;12672,00;13601,00;16,58;16,62;16,71;;233,50;210,50;227,25;5,95;8,77;3,05;-665,25;85,75;17,78;671,45;672,10;38,58;-166,31;21,44;167,86;168,02;0,99;-0,99;-0,99;
4.7.2015 13:15;000,0;268,4;;;;;22597;1651887;5823;184174;62;712;0;0;0;0;0;0;0;;-234,00;-210,25;-224,50;20,75;23,50;41,75;14085,00;12688,00;13608,00;16,68;16,68;16,80;;235,00;211,50;228,50;6,20;nan;8,30;-669,00;86,25;nan;675,26;675,87;NaN;-167,25;21,56;168,81;168,97;0,99;-0,99;-0,99;
4.7.2015 13:30;000,0;266,1;;;;;22597;1651954;5823;184182;62;712;0;0;0;0;0;0;0;;-228,00;-205,25;-219,25;19,75;22,75;40,00;14071,00;12705,00;13619,00;16,27;16,26;16,38;;228,75;206,50;223,00;nan;nan;7,64;-652,75;82,75;nan;658,63;659,20;NaN;-163,19;20,69;164,66;164,80;0,99;-0,99;-0,99;
4.7.2015 13:45;000,0;263,3;;;;;22597;1652020;5823;184191;62;712;0;0;0;0;0;0;0;;-228,00;-205,25;-218,75;20,25;22,00;40,00;14099,00;12716,00;13638,00;16,25;16,24;16,31;;229,00;206,50;222,50;6,85;5,54;7,40;-652,00;82,50;19,79;658,05;658,63;38,70;-163,00;20,62;164,51;164,66;0,99;-0,99;-0,99;
4.7.2015 14:00;000,0;261,1;;;;;22597;1652085;5823;184199;62;712;0;0;0;0;0;0;0;;-227,75;-204,50;-218,50;19,50;22,00;39,75;14140,00;12722,00;13659,00;16,17;16,17;16,28;;228,50;205,75;222,25;nan;5,37;8,53;-650,75;81,25;nan;656,69;657,30;NaN;-162,69;20,31;164,17;164,33;0,99;-0,99;-0,99;
4.7.2015 14:15;000,0;256,6;;;;;22597;1652149;5823;184207;62;712;0;0;0;0;0;0;0;;-223,25;-200,75;-214,00;19,50;21,00;38,75;14138,00;12729,00;13654,00;15,85;15,86;15,94;;224,00;201,75;217,50;nan;nan;2,95;-638,00;79,25;nan;643,62;644,21;NaN;-159,50;19,81;160,90;161,05;0,99;-0,99;-0,99;
4.7.2015 14:30;000,0;249,7;;;;;22597;1652211;5823;184215;62;712;0;0;0;0;0;0;0;;-215,75;-194,00;-207,50;17,75;20,25;37,00;14117,00;12712,00;13642,00;15,36;15,36;15,44;;216,50;195,00;210,75;3,02;nan;nan;-617,25;75,25;nan;622,75;623,33;NaN;-154,31;18,81;155,69;155,83;0,99;-0,99;-0,99;
4.7.2015 14:45;000,0;242,2;;;;;22597;1652272;5823;184222;62;712;0;0;0;0;0;0;0;;-211,00;-189,25;-202,50;17,00;19,25;35,75;14151,00;12721,00;13658,00;14,97;14,96;15,07;;211,75;190,25;205,75;5,30;2,99;6,98;-603,00;72,00;15,27;607,93;608,51;35,39;-150,75;18,00;151,98;152,13;0,99;-0,99;-0,99;
4.7.2015 15:00;000,0;237,9;;;;;22597;1652332;5823;184229;62;712;0;0;0;0;0;0;0;;-206,25;-185,50;-198,50;16,00;18,75;34,50;14115,00;12733,00;13666,00;14,67;14,65;14,76;;207,00;186,50;201,75;7,34;4,52;10,51;-590,50;69,50;22,38;595,35;595,86;32,12;-147,62;17,38;148,84;148,97;0,99;-0,99;-0,99;
4.7.2015 15:15;000,0;231,2;;;;;22597;1652389;5823;184236;62;712;0;0;0;0;0;0;0;;-197,25;-177,25;-189,75;14,25;17,50;32,75;14076,00;12728,00;13620,00;14,06;14,01;14,15;;197,75;178,25;192,75;nan;7,02;8,66;-564,50;64,75;nan;568,85;569,30;NaN;-141,12;16,19;142,21;142,32;0,99;-0,99;-0,99;
4.7.2015 15:30;000,0;221,0;;;;;22597;1652444;5823;184242;62;712;0;0;0;0;0;0;0;;-188,00;-169,25;-181,25;13,25;16,25;30,25;14095,00;12741,00;13642,00;13,39;13,36;13,50;;188,50;170,00;184,00;3,56;nan;9,45;-538,75;60,25;nan;543,01;543,46;NaN;-134,69;15,06;135,75;135,86;0,99;-0,99;-0,99;
4.7.2015 15:45;000,0;212,3;;;;;22597;1652497;5823;184248;62;712;0;0;0;0;0;0;0;;-181,00;-162,75;-174,75;12,50;15,50;28,75;14074,00;12699,00;13611,00;12,89;12,89;13,02;;181,25;163,50;177,00;nan;2,11;nan;-518,50;57,00;nan;522,35;522,81;NaN;-129,62;14,25;130,59;130,70;0,99;-0,99;-0,99;
4.7.2015 16:00;000,0;200,6;;;;;22597;1652548;5823;184253;62;712;0;0;0;0;0;0;0;;-170,25;-153,25;-164,50;11,00;14,25;26,50;13999,00;12657,00;13558,00;12,19;12,18;12,31;;170,50;154,00;166,75;nan;5,23;6,56;-488,25;52,00;nan;491,71;492,12;NaN;-122,06;13,00;122,93;123,03;0,99;-0,99;-0,99;
4.7.2015 16:15;000,0;190,8;;;;;22597;1652595;5823;184258;62;712;0;0;0;0;0;0;0;;-160,00;-144,50;-155,00;10,00;12,75;24,25;14025,00;12691,00;13599,00;11,44;11,44;11,55;;160,50;145,00;157,00;7,76;nan;5,99;-459,75;47,25;nan;462,63;463,02;NaN;-114,94;11,81;115,66;115,75;0,99;-0,99;-0,99;
4.7.2015 16:30;000,0;177,8;;;;;22597;1652640;5823;184263;62;712;0;0;0;0;0;0;0;;-150,25;-135,25;-145,50;8,50;11,75;22,50;14076,00;12698,00;13613,00;10,70;10,69;10,83;;150,50;135,75;147,25;1,71;nan;2,46;-431,00;43,00;nan;433,81;434,19;NaN;-107,75;10,75;108,45;108,55;1,00;-0,99;-0,99;
4.7.2015 16:45;000,0;164,8;;;;;22597;1652681;5823;184267;62;712;0;0;0;0;0;0;0;;-137,00;-123,00;-132,50;7,25;10,00;20,00;14094,00;12729,00;13622,00;9,74;9,71;9,85;;137,25;123,50;134,25;4,00;4,82;8,17;-392,75;37,50;17,00;395,08;395,40;19,89;-98,19;9,38;98,77;98,85;1,00;-0,99;-0,99;
4.7.2015 17:00;000,0;149,0;;;;;22597;1652718;5823;184270;62;712;0;0;0;0;0;0;0;;-123,50;-111,00;-119,75;6,00;9,00;17,75;14074,00;12719,00;13626,00;8,79;8,77;8,90;;123,50;111,50;121,25;nan;5,50;6,81;-354,25;32,75;nan;356,56;356,85;NaN;-88,56;8,19;89,14;89,21;1,00;-0,99;-0,99;
4.7.2015 17:15;000,0;134,0;;;;;22597;1652751;5823;184273;62;712;0;0;0;0;0;0;0;;-109,00;-97,75;-105,75;4,75;7,50;15,50;14148,00;12745,00;13663,00;7,72;7,71;7,84;;109,25;98,25;107,00;5,66;6,46;5,07;-312,75;28,25;17,19;314,57;314,85;14,89;-78,19;7,06;78,64;78,71;1,00;-0,99;-0,99;
4.7.2015 17:30;000,0;117,5;;;;;22597;1652781;5823;184276;62;712;0;0;0;0;0;0;0;;-94,50;-85,00;-92,00;4,00;6,50;13,25;14123,00;12755,00;13679,00;6,71;6,70;6,82;;94,75;85,25;93,25;5,60;0,56;7,48;-272,00;24,00;13,64;273,52;273,74;13,72;-68,00;6,00;68,38;68,44;1,00;-0,99;-0,99;
4.7.2015 17:45;000,0;101,3;;;;;22597;1652806;5823;184278;62;712;0;0;0;0;0;0;0;;-81,25;-73,00;-79,00;3,25;5,75;11,25;14130,00;12748,00;13668,00;5,76;5,76;5,86;;81,25;73,25;80,00;nan;1,87;5,70;-233,50;20,50;nan;234,85;235,05;NaN;-58,38;5,12;58,71;58,76;1,00;-0,99;-0,99;
4.7.2015 18:00;000,0;084,7;;;;;22597;1652827;5823;184280;62;712;0;0;0;0;0;0;0;;-66,50;-59,75;-64,75;2,75;4,50;9,25;14138,00;12728,00;13672,00;4,72;4,72;4,80;;66,75;60,00;65,50;5,07;3,11;3,48;-191,25;16,75;11,67;192,33;192,51;8,07;-47,81;4,19;48,08;48,13;1,00;-0,99;-0,99;
4.7.2015 18:15;000,0;068,2;;;;;22597;1652844;5823;184282;62;712;0;0;0;0;0;0;0;;-51,75;-46,50;-49,75;2,50;3,25;7,00;14105,00;12699,00;13638,00;3,68;3,68;3,70;;51,75;46,75;50,25;nan;3,57;1,00;-148,25;12,75;nan;149,09;149,24;NaN;-37,06;3,19;37,27;37,31;1,00;-0,99;-0,99;
4.7.2015 18:30;000,0;052,6;;;;;22597;1652857;5823;184283;62;712;0;0;0;0;0;0;0;;-40,00;-36,00;-38,25;2,25;2,25;5,50;14054,00;12709,00;13614,00;2,86;2,86;2,84;;40,00;36,25;38,50;nan;3,61;nan;-114,50;10,25;nan;115,24;115,34;NaN;-28,62;2,56;28,81;28,84;1,00;-0,99;-0,99;
4.7.2015 18:45;000,0;038,5;;;;;22597;1652866;5823;184284;62;712;0;0;0;0;0;0;0;;-27,75;-25,00;-26,50;1,25;1,50;3,75;13999,00;12692,00;13587,00;2,00;1,98;1,98;;28,00;25,00;26,75;3,52;nan;nan;-79,50;6,75;nan;79,99;80,05;NaN;-19,88;1,69;20,00;20,01;1,00;-0,99;-0,99;
4.7.2015 19:00;000,0;026,2;;;;;22597;1652873;5823;184284;62;712;0;0;0;0;0;0;0;;-18,50;-16,50;-17,25;1,00;1,00;2,50;14067,00;12707,00;13621,00;1,32;1,31;1,30;;18,50;16,50;17,50;nan;nan;1,56;-52,50;4,75;nan;52,92;52,97;NaN;-13,12;1,19;13,23;13,24;1,00;-0,99;-0,99;
4.7.2015 19:15;000,0;017,1;;;;;22597;1652877;5823;184285;62;712;0;0;0;0;0;0;0;;-12,00;-10,75;-11,25;1,00;0,75;1,75;13830,00;12475,00;13377,00;0,88;0,88;0,86;;12,00;10,75;11,50;nan;nan;1,62;-34,25;3,75;nan;34,69;34,72;NaN;-8,56;0,94;8,67;8,68;0,99;-0,99;-0,99;
4.7.2015 19:30;000,0;011,4;;;;;22597;1652880;5823;184285;62;712;0;0;0;0;0;0;0;;-8,50;-7,50;-7,75;1,00;0,75;1,50;13870,00;12518,00;13417,00;0,62;0,62;0,61;;8,50;7,75;8,00;nan;1,80;1,30;-24,00;3,50;nan;24,58;24,60;NaN;-6,00;0,88;6,14;6,15;0,99;-0,98;-0,98;
4.7.2015 19:45;000,0;008,6;;;;;22597;1652882;5823;184285;62;712;0;0;0;0;0;0;0;;-6,50;-6,00;-6,25;0,75;0,75;1,25;13844,00;12505,00;13399,00;0,49;0,50;0,48;;6,75;6,00;6,25;1,66;nan;nan;-19,00;3,00;nan;19,44;19,46;NaN;-4,75;0,75;4,86;4,87;0,99;-0,98;-0,98;
4.7.2015 20:00;000,0;006,4;;;;;22597;1652884;5823;184286;62;712;0;0;0;0;0;0;0;;-4,50;-4,00;-4,00;0,75;0,75;1,25;13836,00;12480,00;13371,00;0,34;0,34;0,34;;4,75;4,25;4,50;1,32;1,22;1,64;-12,75;3,00;4,19;13,63;13,64;NaN;-3,19;0,75;3,41;3,41;0,97;-0,94;-0,93;
4.7.2015 20:15;000,0;003,8;;;;;22597;1652885;5823;184286;62;712;0;0;0;0;0;0;0;;-2,00;-1,75;-1,50;1,00;0,50;1,00;13831,00;12416,00;13333,00;0,17;0,16;0,16;;2,25;2,00;2,00;0,25;0,83;0,87;-5,25;2,75;1,95;6,47;6,48;1,75;-1,31;0,69;1,62;1,62;0,87;-0,81;-0,81;
4.7.2015 20:30;000,0;001,1;;;;;22597;1652885;5823;184286;62;712;0;0;0;0;0;0;0;;0,00;-0,25;0,00;1,00;0,50;0,75;13811,00;12445,00;13351,00;0,09;0,09;0,09;;1,25;1,00;1,00;0,75;0,83;0,66;-0,25;2,50;2,24;3,63;3,64;1,38;-0,06;0,62;0,91;0,91;-0,84;-0,07;-0,07;
4.7.2015 20:45;000,6;000,0;;;;;22597;1652885;5824;184286;62;712;0;0;0;0;0;0;0;;0,75;0,75;1,00;0,00;0,00;0,00;13837,00;12442,00;13366,00;0,07;0,07;0,09;;0,75;0,75;1,00;0,00;0,00;0,00;2,75;0,00;0,00;3,01;3,04;1,29;0,69;0,00;0,75;0,76;1,00;0,91;0,91;
4.7.2015 21:00;001,2;000,0;;;;;22598;1652885;5824;184286;62;712;0;0;0;0;0;0;0;;0,75;0,75;1,00;0,00;0,00;0,00;13770,00;12431,00;13346,00;0,07;0,07;0,09;;0,75;0,75;1,00;0,00;0,00;0,00;2,75;0,00;0,00;2,97;3,00;1,19;0,69;0,00;0,74;0,75;1,00;0,93;0,92;
4.7.2015 21:15;001,2;000,0;;;;;22598;1652885;5824;184286;62;712;0;0;0;0;0;0;0;;0,75;0,75;1,00;0,00;0,00;0,00;13771,00;12464,00;13376,00;0,07;0,07;0,09;;0,75;0,75;1,00;0,00;0,00;0,00;2,75;0,00;0,00;3,01;3,03;1,28;0,69;0,00;0,75;0,76;1,00;0,91;0,91;
