Cas;P+;P-;Q1;Q2;Q3;Q4;A+;A-;AQ1;AQ2;AQ3;AQ4;S;AP1;AP2;AP3;D1;D2;D3;;P1;P2;P3;Q1;Q2;Q3;U1;U2;U3;I1;I2;I3;;S1;S2;S3;D1;D2;D3;P;Q;D;Sa;Sr;N;AP++;AQ++;Asa++;Asr++;cosFi;P/Sa;P/Sr
 ;"1.5";"2.5";"5.5";"6.5";"7.5";"8.5";"1.8";"2.8";"5.8";"6.8";"7.8";"8.8";"9.8";"21.8";"41.8";"61.8";"181.5";"182.5";"183.5"
 ;[kW];[kW];[kvar];[kvar];[kvar];[kvar];[kWh];[kWh];[kvarh];[kvarh];[kvarh];[kvarh];[kVAh];[kWh];[kWh];[kWh];[kvar];[kvar];[kvar]; ;[kW];[kW];[kW];[kvar];[kvar];[kvar];[V];[V];[V];[A];[A];[A]; ;[kVA];[kVA];[kVA];[kvar];[kvar];kvar];[kW];[kvar];[kvar];[kVAh];[kVAh];[kvar];[kWh];[kvarh];[kVAh];[kVAh]
1.5.2015 00:00;000,7;000,0;;;;;22047;1545505;5640;171426;62;712;0;0;0;0;0;0;0;;0,25;0,50;0,75;0,00;0,00;0,00;14179,00;12618,00;13552,00;0,04;0,04;0,06;;0,50;0,50;0,75;0,43;0,00;0,00;1,75;0,00;0,43;1,88;1,93;0,69;0,44;0,00;0,47;0,48;1,00;0,93;0,91;
1.5.2015 00:15;000,7;000,0;;;;;22048;1545505;5640;171426;62;712;0;0;0;0;0;0;0;;0,25;0,50;0,75;0,00;0,00;0,00;14211,00;12615,00;13548,00;0,04;0,04;0,06;;0,50;0,50;0,75;0,43;0,00;0,00;1,75;0,00;0,43;1,88;1,93;0,69;0,44;0,00;0,47;0,48;1,00;0,93;0,91;
1.5.2015 00:30;000,7;000,0;;;;;22048;1545505;5640;171426;62;712;0;0;0;0;0;0;0;;0,25;0,50;0,75;0,00;0,00;0,00;14227,00;12614,00;13531,00;0,04;0,04;0,06;;0,50;0,50;0,75;0,43;0,00;0,00;1,75;0,00;0,43;1,88;1,93;0,69;0,44;0,00;0,47;0,48;1,00;0,93;0,91;
1.5.2015 00:45;000,7;000,0;;;;;22048;1545505;5640;171426;62;712;0;0;0;0;0;0;0;;0,25;0,50;0,75;0,00;0,00;0,00;14264,00;12612,00;13523,00;0,04;0,04;0,06;;0,50;0,50;0,75;0,43;0,00;0,00;1,75;0,00;0,43;1,88;1,93;0,70;0,44;0,00;0,47;0,48;1,00;0,93;0,91;
1.5.2015 01:00;000,8;000,0;;;;;22048;1545505;5640;171426;62;712;0;0;0;0;0;0;0;;0,25;0,50;0,75;0,00;0,00;0,00;14207,00;12642,00;13577,00;0,04;0,04;0,06;;0,50;0,50;0,75;0,43;0,00;0,00;1,75;0,00;0,43;1,88;1,93;0,70;0,44;0,00;0,47;0,48;1,00;0,93;0,90;
1.5.2015 01:15;000,7;000,0;;;;;22048;1545505;5640;171426;62;712;0;0;0;0;0;0;0;;0,25;0,50;0,75;0,00;0,00;0,00;14256,00;12662,00;13595,00;0,04;0,04;0,06;;0,50;0,50;0,75;0,43;0,00;0,00;1,75;0,00;0,43;1,88;1,94;0,71;0,44;0,00;0,47;0,48;1,00;0,93;0,90;
1.5.2015 01:30;000,7;000,0;;;;;22048;1545505;5640;171426;62;712;0;0;0;0;0;0;0;;0,25;0,50;0,75;0,00;0,00;0,00;14265,00;12662,00;13592,00;0,04;0,04;0,06;;0,50;0,50;0,75;0,43;0,00;0,00;1,75;0,00;0,43;1,88;1,94;0,71;0,44;0,00;0,47;0,48;1,00;0,93;0,90;
1.5.2015 01:45;000,7;000,0;;;;;22049;1545505;5640;171426;62;712;0;0;0;0;0;0;0;;0,25;0,50;0,75;0,00;0,00;0,00;14277,00;12660,00;13558,00;0,04;0,04;0,06;;0,50;0,50;0,75;0,43;0,00;0,00;1,75;0,00;0,43;1,88;1,94;0,71;0,44;0,00;0,47;0,48;1,00;0,93;0,90;
1.5.2015 02:00;000,7;000,0;;;;;22049;1545505;5640;171426;62;712;0;0;0;0;0;0;0;;0,25;0,50;0,75;0,00;0,00;0,00;14119,00;12573,00;13487,00;0,04;0,04;0,06;;0,25;0,50;0,75;0,00;0,00;0,00;1,75;0,00;0,00;1,87;1,92;0,79;0,44;0,00;0,47;0,48;1,00;0,94;0,91;
1.5.2015 02:15;000,7;000,0;;;;;22049;1545505;5640;171426;62;712;0;0;0;0;0;0;0;;0,25;0,50;0,75;0,00;0,00;0,00;14105,00;12539,00;13442,00;0,04;0,04;0,06;;0,25;0,50;0,75;0,00;0,00;0,00;1,75;0,00;0,00;1,86;1,92;0,78;0,44;0,00;0,47;0,48;1,00;0,94;0,91;
1.5.2015 02:30;000,8;000,0;;;;;22049;1545505;5640;171426;62;712;0;0;0;0;0;0;0;;0,25;0,50;0,75;0,00;0,00;0,00;14127,00;12550,00;13439,00;0,04;0,04;0,06;;0,25;0,50;0,75;0,00;0,00;0,00;1,75;0,00;0,00;1,87;1,92;0,79;0,44;0,00;0,47;0,48;1,00;0,94;0,91;
1.5.2015 02:45;000,7;000,0;;;;;22049;1545505;5640;171426;62;712;0;0;0;0;0;0;0;;0,25;0,50;0,75;0,00;0,00;0,00;14129,00;12570,00;13456,00;0,04;0,04;0,06;;0,25;0,50;0,75;0,00;0,00;0,00;1,75;0,00;0,00;1,87;1,92;0,79;0,44;0,00;0,47;0,48;1,00;0,94;0,91;
1.5.2015 03:00;000,7;000,0;;;;;22049;1545505;5640;171426;62;712;0;0;0;0;0;0;0;;0,25;0,50;0,75;0,00;0,00;0,00;14020,00;12491,00;13375,00;0,03;0,04;0,06;;0,25;0,50;0,75;0,00;0,00;0,00;1,50;0,00;0,00;1,79;1,84;1,07;0,38;0,00;0,45;0,46;1,00;0,84;0,81;
1.5.2015 03:15;000,7;000,0;;;;;22050;1545505;5640;171426;62;712;0;0;0;0;0;0;0;;0,25;0,50;0,75;0,00;0,00;0,00;14047,00;12484,00;13354,00;0,03;0,04;0,06;;0,25;0,50;0,75;0,00;0,00;0,00;1,50;0,00;0,00;1,79;1,84;1,07;0,38;0,00;0,45;0,46;1,00;0,84;0,81;
1.5.2015 03:30;000,7;000,0;;;;;22050;1545505;5640;171426;62;712;0;0;0;0;0;0;0;;0,25;0,50;0,75;0,00;0,00;0,00;14035,00;12497,00;13373,00;0,03;0,04;0,06;;0,25;0,50;0,75;0,00;0,00;0,00;1,50;0,00;0,00;1,79;1,84;1,07;0,38;0,00;0,45;0,46;1,00;0,84;0,81;
1.5.2015 03:45;000,7;000,0;;;;;22050;1545505;5640;171426;62;712;0;0;0;0;0;0;0;;0,25;0,50;0,75;0,00;0,00;0,00;14051,00;12500,00;13371,00;0,03;0,04;0,06;;0,25;0,50;0,75;0,00;0,00;0,00;1,50;0,00;0,00;1,79;1,84;1,07;0,38;0,00;0,45;0,46;1,00;0,84;0,81;
1.5.2015 04:00;000,7;000,0;;;;;22050;1545505;5640;171426;62;712;0;0;0;0;0;0;0;;0,25;0,50;0,75;0,00;0,00;0,00;14015,00;12490,00;13364,00;0,03;0,04;0,06;;0,25;0,50;0,75;0,00;0,00;0,00;1,50;0,00;0,00;1,79;1,84;1,07;0,38;0,00;0,45;0,46;1,00;0,84;0,81;
1.5.2015 04:15;000,7;000,0;;;;;22050;1545505;5640;171426;62;712;0;0;0;0;0;0;0;;0,25;0,50;0,75;0,00;0,00;0,00;14016,00;12494,00;13376,00;0,03;0,04;0,06;;0,25;0,50;0,75;0,00;0,00;0,00;1,50;0,00;0,00;1,79;1,84;1,07;0,38;0,00;0,45;0,46;1,00;0,84;0,81;
1.5.2015 04:30;000,7;000,0;;;;;22051;1545505;5640;171426;62;712;0;0;0;0;0;0;0;;0,25;0,50;0,75;0,00;0,00;0,00;14049,00;12486,00;13347,00;0,03;0,04;0,06;;0,25;0,50;0,75;0,00;0,00;0,00;1,50;0,00;0,00;1,79;1,84;1,07;0,38;0,00;0,45;0,46;1,00;0,84;0,81;
1.5.2015 04:45;000,7;000,0;;;;;22051;1545505;5640;171426;62;712;0;0;0;0;0;0;0;;0,25;0,50;0,75;0,00;0,00;0,00;14043,00;12488,00;13355,00;0,03;0,04;0,06;;0,25;0,50;0,75;0,00;0,00;0,00;1,50;0,00;0,00;1,79;1,84;1,07;0,38;0,00;0,45;0,46;1,00;0,84;0,81;
1.5.2015 05:00;000,7;000,0;;;;;22051;1545505;5640;171426;62;712;0;0;0;0;0;0;0;;0,25;0,50;0,75;0,00;0,00;0,00;14029,00;12491,00;13367,00;0,04;0,04;0,06;;0,25;0,50;0,75;0,00;0,00;0,00;1,75;0,00;0,00;1,86;1,91;0,76;0,44;0,00;0,46;0,48;1,00;0,94;0,92;
1.5.2015 05:15;000,7;000,0;;;;;22051;1545505;5640;171426;62;712;0;0;0;0;0;0;0;;0,25;0,50;0,75;0,00;0,00;0,00;14059,00;12505,00;13377,00;0,04;0,04;0,06;;0,25;0,50;0,75;0,00;0,00;0,00;1,75;0,00;0,00;1,86;1,91;0,77;0,44;0,00;0,46;0,48;1,00;0,94;0,92;
1.5.2015 05:30;000,3;000,1;;;;;22051;1545505;5641;171427;62;712;0;0;0;0;0;0;0;;-1,25;-1,00;-0,50;1,00;0,00;0,75;14077,00;12516,00;13398,00;0,13;0,12;0,10;;1,75;1,25;1,25;0,71;0,75;0,87;-2,75;1,75;2,32;4,61;4,63;2,33;-0,69;0,44;1,15;1,16;0,80;-0,60;-0,59;
1.5.2015 05:45;000,0;003,9;;;;;22051;1545506;5641;171427;62;712;0;0;0;0;0;0;0;;-4,75;-4,25;-4,25;0,75;0,50;1,25;14140,00;12521,00;13394,00;0,36;0,35;0,34;;5,00;4,25;4,50;1,37;nan;0,79;-13,50;2,50;nan;14,12;14,14;NaN;-3,38;0,62;3,53;3,53;0,98;-0,96;-0,95;
1.5.2015 06:00;000,0;005,8;;;;;22051;1545508;5641;171427;62;712;0;0;0;0;0;0;0;;-6,00;-5,25;-5,25;0,75;0,50;1,25;14082,00;12490,00;13400,00;0,44;0,44;0,42;;6,25;5,25;5,50;1,58;nan;1,06;-16,75;2,75;nan;17,32;17,35;NaN;-4,19;0,69;4,33;4,34;0,99;-0,97;-0,97;
1.5.2015 06:15;000,0;006,3;;;;;22051;1545509;5641;171427;62;712;0;0;0;0;0;0;0;;-5,00;-4,50;-4,25;0,75;0,00;1,25;14113,00;12544,00;13460,00;0,38;0,37;0,35;;5,25;4,50;4,50;1,41;0,00;0,79;-14,00;2,00;2,20;14,75;14,77;3,64;-3,50;0,50;3,69;3,69;0,99;-0,95;-0,95;
1.5.2015 06:30;000,0;007,8;;;;;22051;1545511;5641;171428;62;712;0;0;0;0;0;0;0;;-10,00;-9,00;-9,25;0,75;0,00;1,50;14119,00;12536,00;13460,00;0,73;0,73;0,71;;10,25;9,00;9,50;2,12;0,00;1,56;-28,50;2,50;3,68;28,92;28,95;2,50;-7,12;0,62;7,23;7,24;1,00;-0,99;-0,98;
1.5.2015 06:45;000,0;011,2;;;;;22051;1545514;5641;171428;62;712;0;0;0;0;0;0;0;;-14,25;-12,50;-13,25;0,75;0,50;2,00;14090,00;12499,00;13440,00;1,02;1,02;1,00;;14,25;12,50;13,50;nan;nan;1,64;-40,25;3,50;nan;40,67;40,71;NaN;-10,06;0,88;10,17;10,18;1,00;-0,99;-0,99;
1.5.2015 07:00;000,0;017,1;;;;;22051;1545518;5641;171428;62;712;0;0;0;0;0;0;0;;-11,00;-9,75;-10,00;0,75;0,50;1,75;14053,00;12450,00;13367,00;0,80;0,79;0,77;;11,00;9,75;10,25;nan;nan;1,41;-31,00;3,00;nan;31,37;31,41;NaN;-7,75;0,75;7,84;7,85;1,00;-0,99;-0,99;
1.5.2015 07:15;000,0;012,9;;;;;22051;1545521;5641;171429;62;712;0;0;0;0;0;0;0;;-16,50;-14,50;-15,25;0,75;0,50;2,25;13992,00;12459,00;13390,00;1,19;1,18;1,16;;16,50;14,50;15,50;nan;nan;1,62;-46,50;3,75;nan;46,92;46,97;NaN;-11,62;0,94;11,73;11,74;1,00;-0,99;-0,99;
1.5.2015 07:30;000,0;029,2;;;;;22051;1545529;5641;171429;62;712;0;0;0;0;0;0;0;;-38,00;-33,50;-35,75;1,75;1,50;5,25;13997,00;12428,00;13356,00;2,72;2,71;2,71;;38,00;33,50;36,00;nan;nan;nan;-107,25;8,75;nan;107,94;108,07;NaN;-26,81;2,19;26,99;27,02;1,00;-0,99;-0,99;
1.5.2015 07:45;000,0;060,8;;;;;22051;1545544;5641;171430;62;712;0;0;0;0;0;0;0;;-59,50;-52,75;-56,50;2,50;2,75;8,50;13957,00;12429,00;13340,00;4,28;4,26;4,29;;59,75;52,75;57,25;4,85;nan;3,61;-169,00;14,25;nan;169,98;170,15;NaN;-42,25;3,56;42,50;42,54;1,00;-0,99;-0,99;
1.5.2015 08:00;000,0;051,4;;;;;22051;1545557;5641;171432;62;712;0;0;0;0;0;0;0;;-42,50;-37,50;-39,75;2,00;1,75;6,25;13986,00;12353,00;13261,00;3,05;3,05;3,05;;42,50;37,50;40,25;nan;nan;0,97;-120,00;10,25;nan;120,72;120,87;NaN;-30,00;2,56;30,18;30,22;1,00;-0,99;-0,99;
1.5.2015 08:15;000,0;050,1;;;;;22051;1545570;5641;171433;62;712;0;0;0;0;0;0;0;;-49,25;-43,50;-46,00;2,75;2,25;7,25;13951,00;12355,00;13267,00;3,55;3,54;3,53;;49,25;43,50;46,75;nan;nan;4,12;-139,00;12,75;nan;139,96;140,13;NaN;-34,75;3,19;34,99;35,03;1,00;-0,99;-0,99;
1.5.2015 08:30;000,0;054,3;;;;;22051;1545583;5641;171434;62;712;0;0;0;0;0;0;0;;-46,50;-41,25;-44,00;2,50;2,50;6,75;13886,00;12350,00;13264,00;3,37;3,36;3,36;;46,75;41,50;44,50;4,13;3,80;nan;-132,00;12,00;nan;132,92;133,07;NaN;-33,00;3,00;33,23;33,27;1,00;-0,99;-0,99;
1.5.2015 08:45;000,0;065,1;;;;;22051;1545599;5641;171435;62;712;0;0;0;0;0;0;0;;-63,00;-55,50;-59,25;3,00;3,00;9,25;13925,00;12331,00;13232,00;4,54;4,52;4,55;;63,00;55,75;60,00;nan;4,34;1,97;-178,00;15,50;nan;179,19;179,40;NaN;-44,50;3,88;44,80;44,85;1,00;-0,99;-0,99;
1.5.2015 09:00;000,0;086,2;;;;;22051;1545621;5641;171437;62;712;0;0;0;0;0;0;0;;-87,25;-77,00;-82,00;5,00;4,75;13,75;13965,00;12329,00;13221,00;6,28;6,27;6,29;;87,50;77,25;83,25;4,32;4,00;4,18;-246,50;23,75;12,51;248,13;248,44;15,50;-61,62;5,94;62,03;62,11;1,00;-0,99;-0,99;
1.5.2015 09:15;000,0;088,0;;;;;22051;1545643;5641;171439;62;712;0;0;0;0;0;0;0;;-75,75;-66,75;-71,50;3,75;4,00;11,25;13920,00;12339,00;13250,00;5,46;5,44;5,47;;75,75;67,00;72,25;nan;4,18;nan;-214,25;19,25;nan;215,54;215,78;NaN;-53,56;4,81;53,88;53,95;1,00;-0,99;-0,99;
1.5.2015 09:30;000,0;112,8;;;;;22051;1545671;5641;171442;62;712;0;0;0;0;0;0;0;;-98,50;-87,75;-93,75;5,25;6,00;14,50;13904,00;12358,00;13277,00;7,10;7,12;7,16;;98,50;88,00;95,00;nan;2,82;5,07;-280,25;25,75;nan;281,80;282,14;NaN;-70,06;6,44;70,45;70,54;1,00;-0,99;-0,99;
1.5.2015 09:45;000,0;155,8;;;;;22051;1545710;5641;171447;62;712;0;0;0;0;0;0;0;;-123,50;-110,00;-117,25;7,75;8,25;19,25;13918,00;12348,00;13257,00;8,90;8,94;8,98;;123,75;110,25;119,00;1,32;nan;6,55;-351,00;35,50;nan;353,31;353,76;NaN;-87,75;8,88;88,33;88,44;0,99;-0,99;-0,99;
1.5.2015 10:00;000,0;167,6;;;;;22051;1545753;5641;171451;62;712;0;0;0;0;0;0;0;;-139,75;-124,00;-132,25;9,00;8,75;22,25;14192,00;12563,00;13555,00;9,88;9,90;9,91;;140,25;124,25;134,25;7,68;nan;6,16;-396,50;40,50;nan;399,06;399,57;NaN;-99,12;10,12;99,76;99,89;0,99;-0,99;-0,99;
1.5.2015 10:15;000,0;124,7;;;;;22051;1545783;5641;171454;62;712;0;0;0;0;0;0;0;;-87,00;-77,75;-83,00;4,50;4,50;12,50;14140,00;12534,00;13557,00;6,18;6,23;6,20;;87,25;78,00;84,00;4,83;4,32;3,28;-248,00;21,75;12,43;249,49;249,84;16,98;-62,00;5,44;62,37;62,46;1,00;-0,99;-0,99;
1.5.2015 10:30;000,0;119,0;;;;;22051;1545813;5641;171457;62;712;0;0;0;0;0;0;0;;-126,50;-112,75;-120,00;7,75;7,50;19,50;14161,00;12568,00;13570,00;8,97;9,00;8,98;;127,00;113,00;121,75;8,17;0,43;6,54;-359,75;34,75;15,14;361,93;362,39;21,60;-89,94;8,69;90,48;90,60;1,00;-0,99;-0,99;
1.5.2015 10:45;000,0;122,5;;;;;22051;1545844;5641;171460;62;712;0;0;0;0;0;0;0;;-86,75;-77,50;-82,75;4,50;4,50;12,50;14152,00;12562,00;13564,00;6,15;6,18;6,18;;87,00;77,50;83,75;4,82;nan;3,20;-247,00;21,50;nan;248,52;248,85;NaN;-61,75;5,38;62,13;62,21;1,00;-0,99;-0,99;
1.5.2015 11:00;000,0;115,6;;;;;22051;1545873;5641;171462;62;712;0;0;0;0;0;0;0;;-123,50;-109,00;-116,25;7,25;6,75;19,50;14241,00;12557,00;13519,00;8,70;8,71;8,73;;123,75;109,25;118,00;3,04;3,00;5,45;-349,00;33,75;11,49;351,36;351,83;26,63;-87,25;8,44;87,84;87,96;1,00;-0,99;-0,99;
1.5.2015 11:15;000,0;138,6;;;;;22051;1545907;5641;171466;62;712;0;0;0;0;0;0;0;;-94,50;-84,00;-89,75;4,75;5,00;13,75;14155,00;12538,00;13535,00;6,69;6,72;6,73;;94,75;84,25;91,00;4,97;4,13;6,07;-268,50;23,75;15,18;270,08;270,43;15,70;-67,12;5,94;67,52;67,61;1,00;-0,99;-0,99;
1.5.2015 11:30;000,0;124,7;;;;;22051;1545939;5641;171469;62;712;0;0;0;0;0;0;0;;-103,75;-92,25;-98,25;5,50;6,00;15,75;14014,00;12458,00;13368,00;7,42;7,43;7,47;;104,00;92,50;99,75;4,66;3,19;7,00;-294,50;27,50;14,84;296,31;296,65;17,21;-73,62;6,88;74,08;74,16;1,00;-0,99;-0,99;
1.5.2015 11:45;000,0;141,1;;;;;22051;1545974;5641;171472;62;712;0;0;0;0;0;0;0;;-92,50;-82,25;-88,00;4,50;5,25;13,50;13995,00;12447,00;13376,00;6,62;6,63;6,67;;92,50;82,50;89,00;nan;3,69;nan;-262,75;23,50;nan;264,39;264,70;NaN;-65,69;5,88;66,10;66,17;1,00;-0,99;-0,99;
1.5.2015 12:00;000,0;098,1;;;;;22051;1545998;5641;171474;62;712;0;0;0;0;0;0;0;;-90,00;-79,75;-85,75;4,25;5,25;13,25;13952,00;12430,00;13366,00;6,47;6,45;6,50;;90,25;80,00;86,75;5,20;3,52;nan;-255,75;23,00;nan;257,29;257,56;NaN;-63,94;5,75;64,32;64,39;1,00;-0,99;-0,99;
1.5.2015 12:15;000,0;081,9;;;;;22051;1546019;5641;171476;62;712;0;0;0;0;0;0;0;;-47,00;-41,50;-44,50;2,00;2,25;6,75;13941,00;12385,00;13337,00;3,38;3,36;3,38;;47,00;41,50;45,00;nan;nan;nan;-133,00;11,50;nan;133,94;134,09;NaN;-33,25;2,88;33,49;33,52;1,00;-0,99;-0,99;
1.5.2015 12:30;000,0;055,7;;;;;22051;1546033;5641;171477;62;712;0;0;0;0;0;0;0;;-51,25;-46,00;-49,25;2,50;3,00;7,00;13917,00;12390,00;13346,00;3,70;3,74;3,74;;51,50;46,25;49,75;4,41;3,75;0,71;-146,75;12,75;8,87;147,75;147,94;10,50;-36,69;3,19;36,94;36,99;1,00;-0,99;-0,99;
1.5.2015 12:45;000,0;065,6;;;;;22051;1546049;5641;171479;62;712;0;0;0;0;0;0;0;;-50,50;-45,00;-48,00;2,50;2,50;7,25;13972,00;12405,00;13325,00;3,64;3,65;3,66;;50,75;45,25;48,75;4,37;4,04;4,47;-144,00;12,50;12,88;145,00;145,18;4,49;-36,00;3,12;36,25;36,30;1,00;-0,99;-0,99;
1.5.2015 13:00;000,0;063,9;;;;;22051;1546065;5641;171480;62;712;0;0;0;0;0;0;0;;-48,25;-43,00;-45,75;2,25;2,50;6,75;13940,00;12407,00;13322,00;3,47;3,48;3,49;;48,25;43,00;46,25;nan;nan;0,66;-137,00;11,75;nan;137,98;138,14;NaN;-34,25;2,94;34,49;34,53;1,00;-0,99;-0,99;
1.5.2015 13:15;000,0;061,7;;;;;22051;1546080;5641;171482;62;712;0;0;0;0;0;0;0;;-46,25;-41,25;-44,00;2,25;2,25;6,50;13977,00;12401,00;13323,00;3,33;3,35;3,36;;46,50;41,50;44,75;4,26;3,95;4,93;-132,00;11,25;13,14;132,86;133,03;NaN;-33,00;2,81;33,21;33,26;1,00;-0,99;-0,99;
1.5.2015 13:30;000,0;082,8;;;;;22051;1546101;5641;171484;62;712;0;0;0;0;0;0;0;;-110,50;-98,00;-104,25;7,75;7,75;18,25;14041,00;12442,00;13352,00;7,89;7,91;7,93;;110,75;98,25;105,75;nan;nan;nan;-312,75;33,75;nan;315,22;315,61;NaN;-78,19;8,44;78,80;78,90;0,99;-0,99;-0,99;
1.5.2015 13:45;000,0;135,2;;;;;22051;1546135;5641;171487;62;712;0;0;0;0;0;0;0;;-148,75;-132,25;-141,00;10,50;10,75;24,50;14041,00;12479,00;13405,00;10,63;10,65;10,69;;149,25;132,75;143,25;6,22;4,12;6,27;-422,25;46,25;16,61;425,49;426,00;27,61;-105,56;11,56;106,37;106,50;0,99;-0,99;-0,99;
1.5.2015 14:00;000,0;133,7;;;;;22051;1546168;5641;171490;62;712;0;0;0;0;0;0;0;;-90,25;-80,50;-86,75;4,25;5,50;13,25;13974,00;12477,00;13414,00;6,49;6,49;6,55;;90,50;80,75;87,75;5,21;3,17;nan;-257,75;23,25;nan;259,40;259,67;NaN;-64,44;5,81;64,85;64,92;1,00;-0,99;-0,99;
1.5.2015 14:15;000,0;138,5;;;;;22051;1546203;5641;171494;62;712;0;0;0;0;0;0;0;;-136,50;-121,75;-130,00;9,00;9,50;21,75;14031,00;12501,00;13422,00;9,76;9,78;9,84;;137,00;122,25;132,00;7,47;5,63;7,14;-388,50;40,50;20,24;391,31;391,75;22,12;-97,12;10,12;97,83;97,94;0,99;-0,99;-0,99;
1.5.2015 14:30;000,0;160,0;;;;;22051;1546243;5641;171498;62;712;0;0;0;0;0;0;0;;-105,00;-93,25;-100,00;5,25;6,00;15,75;14043,00;12457,00;13397,00;7,49;7,51;7,57;;105,25;93,50;101,25;5,00;3,27;1,87;-298,25;27,25;10,14;300,19;300,55;23,11;-74,56;6,81;75,05;75,14;1,00;-0,99;-0,99;
1.5.2015 14:45;000,0;091,8;;;;;22051;1546266;5641;171500;62;712;0;0;0;0;0;0;0;;-67,00;-59,75;-63,50;3,50;3,50;9,75;14000,00;12443,00;13372,00;4,81;4,81;4,82;;67,25;59,75;64,25;4,62;nan;0,87;-190,50;17,00;nan;191,64;191,87;NaN;-47,62;4,25;47,91;47,97;1,00;-0,99;-0,99;
1.5.2015 15:00;000,0;072,0;;;;;22051;1546284;5641;171502;62;712;0;0;0;0;0;0;0;;-56,75;-50,75;-54,00;2,75;3,00;8,00;13971,00;12440,00;13383,00;4,09;4,09;4,10;;57,00;50,75;54,75;4,57;nan;4,19;-161,75;14,00;nan;162,82;163,01;NaN;-40,44;3,50;40,70;40,75;1,00;-0,99;-0,99;
1.5.2015 15:15;000,0;054,3;;;;;22051;1546297;5641;171503;62;712;0;0;0;0;0;0;0;;-43,25;-38,50;-40,75;2,25;2,00;6,00;13976,00;12424,00;13365,00;3,11;3,11;3,10;;43,25;38,50;41,25;nan;nan;2,24;-122,75;10,75;nan;123,53;123,68;NaN;-30,69;2,69;30,88;30,92;1,00;-0,99;-0,99;
1.5.2015 15:30;000,0;038,0;;;;;22051;1546307;5641;171504;62;712;0;0;0;0;0;0;0;;-27,75;-24,50;-26,00;1,25;1,00;3,75;13981,00;12421,00;13337,00;2,00;1,99;1,98;;27,75;24,50;26,25;nan;nan;nan;-78,50;6,50;nan;78,96;79,04;NaN;-19,62;1,62;19,74;19,76;1,00;-0,99;-0,99;
1.5.2015 15:45;000,0;032,2;;;;;22051;1546315;5641;171504;62;712;0;0;0;0;0;0;0;;-23,50;-20,75;-21,75;1,25;0,75;3,25;13999,00;12409,00;13340,00;1,69;1,69;1,66;;23,50;20,75;22,00;nan;nan;0,61;-66,25;5,25;nan;66,74;66,83;NaN;-16,56;1,31;16,69;16,71;1,00;-0,99;-0,99;
1.5.2015 16:00;000,0;018,4;;;;;22051;1546319;5641;171505;62;712;0;0;0;0;0;0;0;;-13,50;-12,00;-12,25;1,00;0,50;2,00;13956,00;12436,00;13325,00;0,98;0,97;0,95;;13,50;12,00;12,50;nan;nan;1,48;-38,00;3,75;nan;38,43;38,47;NaN;-9,50;0,94;9,61;9,62;1,00;-0,99;-0,99;
1.5.2015 16:15;000,0;018,2;;;;;22051;1546324;5641;171505;62;712;0;0;0;0;0;0;0;;-17,00;-15,25;-15,75;1,00;0,50;2,25;13956,00;12423,00;13305,00;1,24;1,24;1,20;;17,00;15,25;16,00;nan;nan;1,70;-48,25;4,25;nan;48,61;48,67;NaN;-12,06;1,06;12,15;12,17;1,00;-0,99;-0,99;
1.5.2015 16:30;000,0;020,4;;;;;22051;1546329;5641;171506;62;712;0;0;0;0;0;0;0;;-16,25;-14,50;-15,25;1,00;0,50;2,25;13971,00;12432,00;13303,00;1,18;1,18;1,16;;16,25;14,50;15,25;nan;nan;nan;-46,25;4,00;nan;46,59;46,64;NaN;-11,56;1,00;11,65;11,66;1,00;-0,99;-0,99;
1.5.2015 16:45;000,0;015,3;;;;;22051;1546333;5641;171506;62;712;0;0;0;0;0;0;0;;-13,00;-11,50;-12,00;0,75;0,50;1,75;13972,00;12435,00;13306,00;0,94;0,94;0,93;;13,00;11,50;12,25;nan;nan;1,73;-36,75;3,50;nan;37,13;37,17;NaN;-9,19;0,88;9,28;9,29;1,00;-0,99;-0,99;
1.5.2015 17:00;000,0;021,0;;;;;22051;1546338;5641;171506;62;712;0;0;0;0;0;0;0;;-17,00;-15,25;-15,75;1,00;0,50;2,25;13998,00;12464,00;13319,00;1,23;1,23;1,21;;17,25;15,25;16,00;2,75;nan;1,70;-48,25;4,00;nan;48,67;48,72;NaN;-12,06;1,00;12,17;12,18;1,00;-0,99;-0,99;
1.5.2015 17:15;000,0;025,7;;;;;22051;1546344;5641;171507;62;712;0;0;0;0;0;0;0;;-23,75;-21,25;-22,25;1,25;0,75;3,25;13960,00;12455,00;13313,00;1,71;1,71;1,69;;23,75;21,25;22,50;nan;nan;0,79;-67,25;5,25;nan;67,74;67,81;NaN;-16,81;1,31;16,93;16,95;1,00;-0,99;-0,99;
1.5.2015 17:30;000,0;025,3;;;;;22051;1546351;5641;171508;62;712;0;0;0;0;0;0;0;;-22,00;-19,75;-20,50;1,00;0,75;3,00;13967,00;12474,00;13342,00;1,60;1,59;1,57;;22,25;19,75;20,75;3,17;nan;1,15;-62,75;5,00;nan;63,09;63,16;NaN;-15,69;1,25;15,77;15,79;1,00;-0,99;-0,99;
1.5.2015 17:45;000,0;021,0;;;;;22051;1546356;5641;171508;62;712;0;0;0;0;0;0;0;;-21,00;-18,75;-19,50;1,00;0,50;2,75;13974,00;12470,00;13345,00;1,52;1,51;1,49;;21,25;18,75;19,75;3,09;nan;1,50;-59,50;4,75;nan;59,92;59,98;NaN;-14,88;1,19;14,98;15,00;1,00;-0,99;-0,99;
1.5.2015 18:00;000,0;022,5;;;;;22051;1546362;5641;171508;62;712;0;0;0;0;0;0;0;;-16,50;-14,50;-15,00;0,75;0,50;2,25;14038,00;12478,00;13323,00;1,19;1,17;1,16;;16,50;14,50;15,25;nan;nan;1,58;-46,25;3,75;nan;46,72;46,77;NaN;-11,56;0,94;11,68;11,69;1,00;-0,99;-0,99;
1.5.2015 18:15;000,0;016,5;;;;;22051;1546366;5641;171509;62;712;0;0;0;0;0;0;0;;-10,50;-9,50;-9,50;1,00;0,50;1,50;13961,00;12476,00;13306,00;0,77;0,77;0,74;;10,50;9,50;9,75;nan;nan;1,60;-29,75;3,00;nan;30,14;30,17;NaN;-7,44;0,75;7,53;7,54;0,99;-0,99;-0,99;
1.5.2015 18:30;000,0;007,8;;;;;22051;1546368;5641;171509;62;712;0;0;0;0;0;0;0;;-2,50;-1,75;-1,50;1,00;0,00;1,00;13955,00;12494,00;13265,00;0,20;0,17;0,16;;2,75;2,00;2,00;0,56;0,97;0,87;-6,00;2,00;2,39;7,07;7,09;2,14;-1,50;0,50;1,77;1,77;0,94;-0,85;-0,85;
1.5.2015 18:45;000,0;002,8;;;;;22051;1546368;5641;171509;62;712;0;0;0;0;0;0;0;;-2,00;-1,75;-1,25;1,00;0,00;0,75;13878,00;12487,00;13199,00;0,19;0,16;0,15;;2,50;2,00;1,75;1,12;0,97;0,97;-5,50;2,00;3,05;6,57;6,60;NaN;-1,38;0,50;1,64;1,65;0,93;-0,84;-0,83;
1.5.2015 19:00;000,0;001,6;;;;;22051;1546369;5641;171509;62;712;0;0;0;0;0;0;0;;-0,50;-0,25;0,00;1,00;0,00;0,75;13899,00;12506,00;13156,00;0,10;0,08;0,09;;1,25;1,00;1,00;0,56;0,97;0,66;-1,00;1,75;2,19;3,47;3,48;1,80;-0,25;0,44;0,87;0,87;-0,18;-0,29;-0,29;
1.5.2015 19:15;000,0;001,6;;;;;22051;1546369;5641;171510;62;712;0;0;0;0;0;0;0;;-2,75;-2,00;-1,75;1,00;0,00;1,00;13881,00;12489,00;13154,00;0,22;0,19;0,17;;3,00;2,25;2,25;0,66;1,03;1,00;-6,75;2,00;2,69;7,60;7,62;1,13;-1,69;0,50;1,90;1,91;0,96;-0,89;-0,89;
1.5.2015 19:30;000,0;002,4;;;;;22051;1546370;5641;171510;62;712;0;0;0;0;0;0;0;;-1,25;-1,25;-0,75;1,00;0,00;0,75;13887,00;12487,00;13210,00;0,14;0,12;0,10;;1,75;1,50;1,25;0,71;0,83;0,66;-3,50;1,75;2,20;4,93;4,96;2,10;-0,88;0,44;1,23;1,24;0,88;-0,71;-0,71;
1.5.2015 19:45;000,4;000,2;;;;;22051;1546370;5642;171510;62;712;0;0;0;0;0;0;0;;0,25;0,50;0,75;0,00;0,00;0,00;13907,00;12476,00;13209,00;0,03;0,04;0,06;;0,25;0,50;0,75;0,00;0,00;0,00;1,50;0,00;0,00;1,77;1,83;1,05;0,38;0,00;0,44;0,46;1,00;0,85;0,82;
1.5.2015 20:00;000,7;000,0;;;;;22051;1546370;5642;171510;62;712;0;0;0;0;0;0;0;;0,25;0,50;0,75;0,00;0,00;0,00;13961,00;12448,00;13178,00;0,03;0,04;0,06;;0,25;0,50;0,75;0,00;0,00;0,00;1,50;0,00;0,00;1,77;1,83;1,05;0,38;0,00;0,44;0,46;1,00;0,85;0,82;
1.5.2015 20:15;000,7;000,0;;;;;22052;1546370;5642;171510;62;712;0;0;0;0;0;0;0;;0,25;0,25;0,75;0,00;0,00;0,00;13884,00;12423,00;13173,00;0,03;0,04;0,06;;0,25;0,50;0,75;0,00;0,43;0,00;1,50;0,00;0,43;1,77;1,82;0,94;0,38;0,00;0,44;0,46;1,00;0,85;0,82;
1.5.2015 20:30;000,7;000,0;;;;;22052;1546370;5642;171510;62;712;0;0;0;0;0;0;0;;0,25;0,25;0,75;0,00;0,00;0,00;13858,00;12384,00;13187,00;0,03;0,04;0,06;;0,25;0,50;0,75;0,00;0,43;0,00;1,50;0,00;0,43;1,77;1,82;0,94;0,38;0,00;0,44;0,46;1,00;0,85;0,82;
1.5.2015 20:45;000,7;000,0;;;;;22052;1546370;5642;171510;62;712;0;0;0;0;0;0;0;;0,25;0,25;0,75;0,00;0,00;0,00;13886,00;12387,00;13183,00;0,03;0,04;0,06;;0,25;0,50;0,75;0,00;0,43;0,00;1,50;0,00;0,43;1,77;1,82;0,94;0,38;0,00;0,44;0,46;1,00;0,85;0,82;
1.5.2015 21:00;000,7;000,0;;;;;22052;1546370;5642;171510;62;712;0;0;0;0;0;0;0;;0,25;0,50;0,75;0,00;0,00;0,00;13886,00;12412,00;13225,00;0,03;0,04;0,06;;0,25;0,50;0,75;0,00;0,00;0,00;1,50;0,00;0,00;1,77;1,83;1,04;0,38;0,00;0,44;0,46;1,00;0,85;0,82;
1.5.2015 21:15;000,6;000,0;;;;;22052;1546370;5642;171510;62;712;0;0;0;0;0;0;0;;0,25;0,25;0,75;0,00;0,00;0,00;13882,00;12403,00;13222,00;0,03;0,04;0,06;;0,25;0,50;0,75;0,00;0,43;0,00;1,50;0,00;0,43;1,77;1,82;0,94;0,38;0,00;0,44;0,46;1,00;0,85;0,82;
1.5.2015 21:30;000,7;000,0;;;;;22052;1546370;5642;171510;62;712;0;0;0;0;0;0;0;;0,25;0,50;0,75;0,00;0,00;0,00;13921,00;12451,00;13240,00;0,03;0,04;0,06;;0,25;0,50;0,75;0,00;0,00;0,00;1,50;0,00;0,00;1,77;1,83;1,05;0,38;0,00;0,44;0,46;1,00;0,85;0,82;
1.5.2015 21:45;000,7;000,0;;;;;22053;1546370;5642;171510;62;712;0;0;0;0;0;0;0;;0,25;0,50;0,75;0,00;0,00;0,00;13954,00;12430,00;13197,00;0,03;0,04;0,06;;0,25;0,50;0,75;0,00;0,00;0,00;1,50;0,00;0,00;1,77;1,83;1,05;0,38;0,00;0,44;0,46;1,00;0,85;0,82;
1.5.2015 22:00;000,7;000,0;;;;;22053;1546370;5642;171510;62;712;0;0;0;0;0;0;0;;0,25;0,50;0,75;0,00;0,00;0,00;13959,00;12419,00;13208,00;0,03;0,04;0,06;;0,25;0,50;0,75;0,00;0,00;0,00;1,50;0,00;0,00;1,77;1,83;1,05;0,38;0,00;0,44;0,46;1,00;0,85;0,82;
1.5.2015 22:15;000,7;000,0;;;;;22053;1546370;5642;171510;62;712;0;0;0;0;0;0;0;;0,25;0,50;0,75;0,00;0,00;0,00;13951,00;12477,00;13154,00;0,03;0,04;0,06;;0,25;0,50;0,75;0,00;0,00;0,00;1,50;0,00;0,00;1,77;1,83;1,05;0,38;0,00;0,44;0,46;1,00;0,85;0,82;
1.5.2015 22:30;000,7;000,0;;;;;22053;1546370;5642;171510;62;712;0;0;0;0;0;0;0;;0,25;0,50;0,75;0,00;0,00;0,00;13929,00;12526,00;13171,00;0,04;0,04;0,06;;0,25;0,50;0,75;0,00;0,00;0,00;1,50;0,00;0,00;1,81;1,85;1,09;0,38;0,00;0,45;0,46;1,00;0,83;0,81;
1.5.2015 22:45;000,7;000,0;;;;;22053;1546370;5642;171510;62;712;0;0;0;0;0;0;0;;0,25;0,50;0,75;0,00;0,00;0,00;13928,00;12549,00;13188,00;0,03;0,04;0,06;;0,25;0,50;0,75;0,00;0,00;0,00;1,50;0,00;0,00;1,78;1,83;1,05;0,38;0,00;0,44;0,46;1,00;0,84;0,82;
1.5.2015 23:00;000,7;000,0;;;;;22053;1546370;5642;171510;62;712;0;0;0;0;0;0;0;;0,25;0,50;0,75;0,00;0,00;0,00;13917,00;12519,00;13157,00;0,03;0,04;0,06;;0,25;0,50;0,75;0,00;0,00;0,00;1,50;0,00;0,00;1,77;1,83;1,05;0,38;0,00;0,44;0,46;1,00;0,85;0,82;
1.5.2015 23:15;000,7;000,0;;;;;22054;1546370;5642;171510;62;712;0;0;0;0;0;0;0;;0,25;0,50;0,75;0,00;0,00;0,00;13988,00;12524,00;13197,00;0,03;0,04;0,06;;0,25;0,50;0,75;0,00;0,00;0,00;1,50;0,00;0,00;1,78;1,83;1,06;0,38;0,00;0,44;0,46;1,00;0,84;0,82;
1.5.2015 23:30;000,6;000,0;;;;;22054;1546370;5642;171510;62;712;0;0;0;0;0;0;0;;0,25;0,50;0,75;0,00;0,00;0,00;13962,00;12528,00;13222,00;0,03;0,04;0,06;;0,25;0,50;0,75;0,00;0,00;0,00;1,50;0,00;0,00;1,78;1,83;1,06;0,38;0,00;0,44;0,46;1,00;0,84;0,82;
1.5.2015 23:45;000,7;000,0;;;;;22054;1546370;5642;171510;62;712;0;0;0;0;0;0;0;;0,25;0,50;0,75;0,00;0,00;0,00;13981,00;12540,00;13225,00;0,03;0,04;0,06;;0,25;0,50;0,75;0,00;0,00;0,00;1,50;0,00;0,00;1,78;1,84;1,06;0,38;0,00;0,44;0,46;1,00;0,84;0,82;
2.5.2015 00:00;000,7;000,0;;;;;22054;1546370;5642;171510;62;712;0;0;0;0;0;0;0;;0,25;0,50;0,75;0,00;0,00;0,00;13969,00;12542,00;13257,00;0,03;0,04;0,06;;0,25;0,50;0,75;0,00;0,00;0,00;1,50;0,00;0,00;1,78;1,84;1,06;0,38;0,00;0,45;0,46;1,00;0,84;0,82;
2.5.2015 00:15;000,7;000,0;;;;;22054;1546370;5642;171510;62;712;0;0;0;0;0;0;0;;0,25;0,50;0,75;0,00;0,00;0,00;14025,00;12562,00;13325,00;0,03;0,04;0,06;;0,25;0,50;0,75;0,00;0,00;0,00;1,75;0,00;0,00;1,82;1,89;0,70;0,44;0,00;0,46;0,47;1,00;0,96;0,93;
2.5.2015 00:30;000,7;000,0;;;;;22055;1546370;5642;171510;62;712;0;0;0;0;0;0;0;;0,25;0,50;0,75;0,00;0,00;0,00;14083,00;12549,00;13314,00;0,03;0,04;0,06;;0,25;0,50;0,75;0,00;0,00;0,00;1,75;0,00;0,00;1,82;1,89;0,71;0,44;0,00;0,46;0,47;1,00;0,96;0,93;
2.5.2015 00:45;000,7;000,0;;;;;22055;1546370;5642;171510;62;712;0;0;0;0;0;0;0;;0,25;0,50;0,75;0,00;0,00;0,00;14046,00;12516,00;13276,00;0,03;0,04;0,06;;0,25;0,50;0,75;0,00;0,00;0,00;1,50;0,00;0,00;1,78;1,84;1,07;0,38;0,00;0,45;0,46;1,00;0,84;0,82;
2.5.2015 01:00;000,7;000,0;;;;;22055;1546370;5642;171510;62;712;0;0;0;0;0;0;0;;0,25;0,50;0,75;0,00;0,00;0,00;14041,00;12514,00;13292,00;0,03;0,04;0,06;;0,25;0,50;0,75;0,00;0,00;0,00;1,50;0,00;0,00;1,78;1,84;1,07;0,38;0,00;0,45;0,46;1,00;0,84;0,81;
2.5.2015 01:15;000,7;000,0;;;;;22055;1546370;5642;171510;62;712;0;0;0;0;0;0;0;;0,25;0,50;0,75;0,00;0,00;0,00;14045,00;12519,00;13301,00;0,03;0,04;0,06;;0,25;0,50;0,75;0,00;0,00;0,00;1,50;0,00;0,00;1,78;1,84;1,07;0,38;0,00;0,45;0,46;1,00;0,84;0,81;
2.5.2015 01:30;000,7;000,0;;;;;22055;1546370;5642;171510;62;712;0;0;0;0;0;0;0;;0,25;0,50;0,75;0,00;0,00;0,00;14051,00;12526,00;13307,00;0,03;0,04;0,06;;0,25;0,50;0,75;0,00;0,00;0,00;1,75;0,00;0,00;1,79;1,84;0,58;0,44;0,00;0,45;0,46;1,00;0,98;0,95;
2.5.2015 01:45;000,7;000,0;;;;;22055;1546370;5642;171510;62;712;0;0;0;0;0;0;0;;0,25;0,50;0,75;0,00;0,00;0,00;14028,00;12514,00;13299,00;0,03;0,04;0,06;;0,25;0,50;0,75;0,00;0,00;0,00;1,50;0,00;0,00;1,78;1,84;1,07;0,38;0,00;0,45;0,46;1,00;0,84;0,82;
2.5.2015 02:00;000,7;000,0;;;;;22056;1546370;5642;171510;62;712;0;0;0;0;0;0;0;;0,25;0,50;0,75;0,00;0,00;0,00;13994,00;12535,00;13334,00;0,03;0,04;0,06;;0,25;0,50;0,75;0,00;0,00;0,00;1,50;0,00;0,00;1,79;1,84;1,07;0,38;0,00;0,45;0,46;1,00;0,84;0,81;
2.5.2015 02:15;000,7;000,0;;;;;22056;1546370;5642;171510;62;712;0;0;0;0;0;0;0;;0,25;0,50;0,75;0,00;0,00;0,00;14030,00;12511,00;13319,00;0,03;0,04;0,06;;0,25;0,50;0,75;0,00;0,00;0,00;1,50;0,00;0,00;1,78;1,84;1,07;0,38;0,00;0,45;0,46;1,00;0,84;0,81;
2.5.2015 02:30;000,7;000,0;;;;;22056;1546370;5642;171510;62;712;0;0;0;0;0;0;0;;0,25;0,50;0,75;0,00;0,00;0,00;14054,00;12522,00;13314,00;0,03;0,04;0,06;;0,25;0,50;0,75;0,00;0,00;0,00;1,50;0,00;0,00;1,79;1,84;1,07;0,38;0,00;0,45;0,46;1,00;0,84;0,81;
2.5.2015 02:45;000,7;000,0;;;;;22056;1546370;5642;171510;62;712;0;0;0;0;0;0;0;;0,25;0,50;0,75;0,00;0,00;0,00;14047,00;12507,00;13298,00;0,03;0,04;0,06;;0,25;0,50;0,75;0,00;0,00;0,00;1,50;0,00;0,00;1,78;1,84;1,07;0,38;0,00;0,45;0,46;1,00;0,84;0,81;
2.5.2015 03:00;000,7;000,0;;;;;22056;1546370;5642;171510;62;712;0;0;0;0;0;0;0;;0,25;0,50;0,75;0,00;0,00;0,00;13992,00;12509,00;13287,00;0,03;0,04;0,06;;0,25;0,50;0,75;0,00;0,00;0,00;1,50;0,00;0,00;1,78;1,84;1,06;0,38;0,00;0,45;0,46;1,00;0,84;0,82;
2.5.2015 03:15;000,7;000,0;;;;;22056;1546370;5642;171510;62;712;0;0;0;0;0;0;0;;0,25;0,50;0,75;0,00;0,00;0,00;13970,00;12484,00;13266,00;0,03;0,04;0,06;;0,25;0,50;0,75;0,00;0,00;0,00;1,50;0,00;0,00;1,78;1,83;1,06;0,38;0,00;0,44;0,46;1,00;0,84;0,82;
2.5.2015 03:30;000,7;000,0;;;;;22057;1546370;5642;171510;62;712;0;0;0;0;0;0;0;;0,25;0,50;0,75;0,00;0,00;0,00;13978,00;12465,00;13244,00;0,03;0,04;0,06;;0,25;0,50;0,75;0,00;0,00;0,00;1,50;0,00;0,00;1,78;1,83;1,05;0,38;0,00;0,44;0,46;1,00;0,84;0,82;
2.5.2015 03:45;000,7;000,0;;;;;22057;1546370;5642;171510;62;712;0;0;0;0;0;0;0;;0,25;0,50;0,75;0,00;0,00;0,00;13987,00;12474,00;13264,00;0,03;0,04;0,06;;0,25;0,50;0,75;0,00;0,00;0,00;1,50;0,00;0,00;1,78;1,84;1,06;0,38;0,00;0,44;0,46;1,00;0,84;0,82;
2.5.2015 04:00;000,7;000,0;;;;;22057;1546370;5642;171510;62;712;0;0;0;0;0;0;0;;0,25;0,50;0,75;0,00;0,00;0,00;13942,00;12467,00;13255,00;0,03;0,04;0,06;;0,25;0,50;0,75;0,00;0,00;0,00;1,50;0,00;0,00;1,78;1,83;1,05;0,38;0,00;0,44;0,46;1,00;0,84;0,82;
2.5.2015 04:15;000,7;000,0;;;;;22057;1546370;5642;171510;62;712;0;0;0;0;0;0;0;;0,25;0,50;0,75;0,00;0,00;0,00;13963,00;12507,00;13248,00;0,03;0,04;0,06;;0,25;0,50;0,75;0,00;0,00;0,00;1,50;0,00;0,00;1,78;1,83;1,06;0,38;0,00;0,44;0,46;1,00;0,84;0,82;
2.5.2015 04:30;000,7;000,0;;;;;22057;1546370;5642;171510;62;712;0;0;0;0;0;0;0;;0,25;0,50;0,75;0,00;0,00;0,00;13943,00;12530,00;13201,00;0,03;0,04;0,06;;0,25;0,50;0,75;0,00;0,00;0,00;1,50;0,00;0,00;1,78;1,83;1,05;0,38;0,00;0,44;0,46;1,00;0,84;0,82;
2.5.2015 04:45;000,7;000,0;;;;;22057;1546370;5642;171510;62;712;0;0;0;0;0;0;0;;0,25;0,50;0,75;0,00;0,00;0,00;13922,00;12578,00;13200,00;0,03;0,04;0,06;;0,25;0,50;0,75;0,00;0,00;0,00;1,50;0,00;0,00;1,78;1,83;1,05;0,38;0,00;0,44;0,46;1,00;0,84;0,82;
2.5.2015 05:00;000,7;000,0;;;;;22058;1546370;5642;171510;62;712;0;0;0;0;0;0;0;;0,25;0,50;0,75;0,00;0,00;0,00;13914,00;12572,00;13215,00;0,03;0,04;0,06;;0,25;0,50;0,75;0,00;0,00;0,00;1,50;0,00;0,00;1,78;1,83;1,05;0,38;0,00;0,44;0,46;1,00;0,84;0,82;
2.5.2015 05:15;000,7;000,0;;;;;22058;1546370;5642;171510;62;712;0;0;0;0;0;0;0;;0,25;0,50;0,75;0,00;0,00;0,00;14074,00;12690,00;13328,00;0,04;0,04;0,06;;0,25;0,50;0,75;0,00;0,00;0,00;1,75;0,00;0,00;1,86;1,92;0,78;0,44;0,00;0,47;0,48;1,00;0,94;0,91;
2.5.2015 05:30;000,7;000,0;;;;;22058;1546370;5642;171510;62;712;0;0;0;0;0;0;0;;0,25;0,50;0,75;0,00;0,00;0,00;14092,00;12677,00;13330,00;0,04;0,04;0,06;;0,25;0,50;0,75;0,00;0,00;0,00;1,75;0,00;0,00;1,86;1,92;0,78;0,44;0,00;0,47;0,48;1,00;0,94;0,91;
2.5.2015 05:45;000,6;000,0;;;;;22058;1546370;5642;171510;62;712;0;0;0;0;0;0;0;;-0,25;0,00;1,75;9,50;7,25;8,75;14069,00;12683,00;13332,00;0,68;0,59;0,68;;9,50;7,25;9,00;nan;0,00;1,17;1,25;25,50;nan;26,12;26,14;NaN;0,31;6,38;6,53;6,53;0,02;0,05;0,05;
2.5.2015 06:00;000,3;000,0;;;;;22058;1546370;5644;171510;62;712;0;0;0;0;0;0;0;;-1,00;-0,25;1,00;9,25;7,25;8,75;14095,00;12694,00;13309,00;0,67;0,59;0,68;;9,25;7,25;9,00;nan;nan;1,85;-0,50;25,50;nan;26,02;26,04;NaN;-0,12;6,38;6,50;6,51;0,74;-0,02;-0,02;
2.5.2015 06:15;000,0;000,4;;;;;22058;1546370;5644;171511;62;712;0;0;0;0;0;0;0;;-1,00;-0,75;-0,25;1,00;0,00;0,75;14036,00;12653,00;13303,00;0,12;0,10;0,09;;1,50;1,00;1,25;0,50;0,66;0,97;-2,00;1,75;2,13;4,15;4,16;2,38;-0,50;0,44;1,04;1,04;0,64;-0,48;-0,48;
2.5.2015 06:30;000,0;001,4;;;;;22058;1546370;5644;171511;62;712;0;0;0;0;0;0;0;;-1,75;-1,50;-1,00;0,75;0,00;0,75;14022,00;12638,00;13272,00;0,16;0,14;0,13;;2,25;1,75;1,75;1,20;0,90;1,22;-4,50;1,75;3,33;5,87;5,89;0,54;-1,12;0,44;1,47;1,47;0,93;-0,77;-0,76;
2.5.2015 06:45;000,0;002,8;;;;;22058;1546371;5644;171511;62;712;0;0;0;0;0;0;0;;-4,00;-3,25;-3,25;0,75;0,00;1,25;14000,00;12627,00;13239,00;0,31;0,27;0,28;;4,25;3,25;3,50;1,22;0,00;0,35;-10,75;2,00;1,58;11,39;11,39;2,77;-2,69;0,50;2,85;2,85;0,98;-0,94;-0,94;
2.5.2015 07:00;000,0;005,4;;;;;22058;1546372;5644;171511;62;712;0;0;0;0;0;0;0;;-5,25;-4,50;-4,50;1,00;0,00;1,25;14051,00;12633,00;13227,00;0,39;0,38;0,36;;5,25;4,75;4,75;nan;1,52;0,87;-14,50;2,25;nan;14,94;14,95;NaN;-3,62;0,56;3,74;3,74;0,99;-0,97;-0,97;
2.5.2015 07:15;000,0;007,3;;;;;22058;1546374;5644;171512;62;712;0;0;0;0;0;0;0;;-8,75;-7,75;-7,75;0,75;0,50;1,50;14003,00;12617,00;13243,00;0,64;0,63;0,62;;8,75;7,75;8,00;nan;nan;1,30;-24,75;3,00;nan;25,12;25,14;NaN;-6,19;0,75;6,28;6,28;0,99;-0,99;-0,98;
2.5.2015 07:30;000,0;009,8;;;;;22058;1546377;5644;171512;62;712;0;0;0;0;0;0;0;;-9,25;-8,25;-8,25;0,75;0,50;1,50;13989,00;12584,00;13255,00;0,67;0,66;0,65;;9,25;8,25;8,50;nan;nan;1,39;-26,00;3,00;nan;26,39;26,41;NaN;-6,50;0,75;6,60;6,60;0,99;-0,99;-0,98;
2.5.2015 07:45;000,0;012,6;;;;;22058;1546380;5644;171512;62;712;0;0;0;0;0;0;0;;-12,75;-11,25;-11,50;1,00;0,50;1,75;14018,00;12566,00;13263,00;0,91;0,91;0,90;;12,75;11,50;11,75;nan;2,33;1,66;-35,75;3,25;nan;36,16;36,20;NaN;-8,94;0,81;9,04;9,05;1,00;-0,99;-0,99;
2.5.2015 08:00;000,0;015,8;;;;;22058;1546384;5644;171513;62;712;0;0;0;0;0;0;0;;-17,00;-15,00;-15,50;1,00;0,50;2,25;14050,00;12583,00;13272,00;1,22;1,19;1,19;;17,00;15,00;15,75;nan;nan;1,66;-47,50;4,00;nan;47,97;48,00;NaN;-11,88;1,00;11,99;12,00;1,00;-0,99;-0,99;
2.5.2015 08:15;000,0;024,3;;;;;22058;1546390;5644;171513;62;712;0;0;0;0;0;0;0;;-26,75;-23,75;-24,75;1,25;0,75;3,50;14019,00;12520,00;13239,00;1,92;1,91;1,90;;27,00;23,75;25,00;3,45;nan;0,43;-75,75;5,75;nan;76,09;76,16;NaN;-18,94;1,44;19,02;19,04;1,00;-1,00;-0,99;
2.5.2015 08:30;000,0;032,4;;;;;22058;1546398;5644;171514;62;712;0;0;0;0;0;0;0;;-27,00;-23,75;-25,00;1,25;0,75;3,50;14043,00;12526,00;13256,00;1,93;1,92;1,91;;27,00;24,00;25,25;nan;3,37;0,56;-76,00;5,75;nan;76,48;76,55;NaN;-19,00;1,44;19,12;19,14;1,00;-0,99;-0,99;
2.5.2015 08:45;000,0;030,1;;;;;22058;1546406;5644;171514;62;712;0;0;0;0;0;0;0;;-27,75;-24,50;-25,50;1,25;0,75;3,75;14028,00;12482,00;13231,00;1,99;1,97;1,97;;27,75;24,50;26,00;nan;nan;3,42;-78,00;6,00;nan;78,57;78,64;NaN;-19,50;1,50;19,64;19,66;1,00;-0,99;-0,99;
2.5.2015 09:00;000,0;031,9;;;;;22058;1546413;5644;171515;62;712;0;0;0;0;0;0;0;;-29,25;-26,00;-27,00;1,50;1,00;3,75;14000,00;12465,00;13231,00;2,10;2,10;2,08;;29,25;26,00;27,50;nan;nan;3,63;-82,50;6,25;nan;83,00;83,09;NaN;-20,62;1,56;20,75;20,77;1,00;-0,99;-0,99;
2.5.2015 09:15;000,0;044,8;;;;;22058;1546425;5644;171516;62;712;0;0;0;0;0;0;0;;-46,00;-40,75;-42,75;2,75;2,00;6,50;13996,00;12474,00;13231,00;3,30;3,29;3,29;;46,00;41,00;43,25;nan;4,05;0,87;-130,00;11,50;nan;130,73;130,86;NaN;-32,50;2,88;32,68;32,71;1,00;-0,99;-0,99;
2.5.2015 09:30;000,0;054,6;;;;;22058;1546438;5644;171517;62;712;0;0;0;0;0;0;0;;-47,00;-41,75;-43,75;3,00;2,00;6,75;13981,00;12472,00;13248,00;3,38;3,37;3,35;;47,00;42,00;44,25;nan;4,12;nan;-132,75;11,75;nan;133,50;133,64;NaN;-33,19;2,94;33,37;33,41;1,00;-0,99;-0,99;
2.5.2015 09:45;000,0;058,9;;;;;22058;1546453;5644;171518;62;712;0;0;0;0;0;0;0;;-74,75;-66,50;-70,25;4,25;3,50;10,75;14011,00;12479,00;13280,00;5,36;5,35;5,36;;75,00;66,75;71,00;4,40;4,59;nan;-211,75;18,75;nan;212,97;213,21;NaN;-52,94;4,69;53,24;53,30;1,00;-0,99;-0,99;
2.5.2015 10:00;000,0;090,0;;;;;22058;1546476;5644;171521;62;712;0;0;0;0;0;0;0;;-73,00;-65,25;-68,50;4,25;3,50;10,50;14029,00;12496,00;13293,00;5,23;5,23;5,23;;73,25;65,25;69,50;4,30;nan;5,27;-207,25;18,25;nan;208,31;208,55;NaN;-51,81;4,56;52,08;52,14;1,00;-0,99;-0,99;
2.5.2015 10:15;000,0;076,3;;;;;22058;1546495;5644;171522;62;712;0;0;0;0;0;0;0;;-48,25;-43,00;-45,50;2,50;2,00;6,75;14002,00;12465,00;13290,00;3,47;3,47;3,47;;48,50;43,25;46,00;4,24;4,19;0,43;-137,00;11,50;8,86;137,89;138,05;8,76;-34,25;2,88;34,47;34,51;1,00;-0,99;-0,99;
2.5.2015 10:30;000,0;041,7;;;;;22058;1546505;5644;171523;62;712;0;0;0;0;0;0;0;;-39,50;-35,00;-36,75;2,00;1,50;5,50;14020,00;12455,00;13314,00;2,83;2,82;2,80;;39,50;35,00;37,25;nan;nan;2,60;-111,50;9,25;nan;112,15;112,27;NaN;-27,88;2,31;28,04;28,07;1,00;-0,99;-0,99;
2.5.2015 10:45;000,0;057,7;;;;;22058;1546520;5644;171524;62;712;0;0;0;0;0;0;0;;-61,50;-54,75;-57,75;3,25;2,75;8,50;13981,00;12420,00;13235,00;4,42;4,43;4,43;;61,75;54,75;58,50;4,50;nan;3,86;-174,50;14,75;nan;175,39;175,59;NaN;-43,62;3,69;43,85;43,90;1,00;-0,99;-0,99;
2.5.2015 11:00;000,0;063,7;;;;;22058;1546536;5644;171526;62;712;0;0;0;0;0;0;0;;-61,50;-54,75;-57,75;3,25;2,50;8,75;13968,00;12432,00;13235,00;4,43;4,42;4,42;;61,75;54,75;58,50;4,50;nan;3,26;-174,25;14,75;nan;175,29;175,48;NaN;-43,56;3,69;43,82;43,87;1,00;-0,99;-0,99;
2.5.2015 11:15;000,0;080,5;;;;;22058;1546556;5644;171528;62;712;0;0;0;0;0;0;0;;-89,25;-79,50;-84,00;5,75;5,00;13,50;13952,00;12418,00;13250,00;6,42;6,43;6,43;;89,50;79,75;85,00;3,41;3,85;nan;-253,00;24,50;nan;254,72;255,01;NaN;-63,25;6,12;63,68;63,75;1,00;-0,99;-0,99;
2.5.2015 11:30;000,0;087,1;;;;;22058;1546577;5644;171530;62;712;0;0;0;0;0;0;0;;-40,75;-36,50;-38,75;2,00;2,00;5,75;13911,00;12381,00;13210,00;2,94;2,96;2,97;;40,75;36,50;39,00;nan;nan;nan;-116,00;10,00;nan;116,72;116,86;NaN;-29,00;2,50;29,18;29,22;1,00;-0,99;-0,99;
2.5.2015 11:45;000,0;060,3;;;;;22058;1546593;5644;171531;62;712;0;0;0;0;0;0;0;;-22,25;-19,75;-20,75;1,00;0,75;3,00;13962,00;12365,00;13219,00;1,61;1,61;1,60;;22,25;19,75;21,00;nan;nan;1,20;-63,00;5,00;nan;63,46;63,55;NaN;-15,75;1,25;15,87;15,89;1,00;-0,99;-0,99;
2.5.2015 12:00;000,0;026,6;;;;;22058;1546599;5644;171531;62;712;0;0;0;0;0;0;0;;-22,50;-20,25;-21,00;1,25;0,75;3,00;13925,00;12365,00;13245,00;1,63;1,64;1,62;;22,75;20,25;21,25;3,12;nan;1,25;-64,25;5,25;nan;64,56;64,65;NaN;-16,06;1,31;16,14;16,16;1,00;-1,00;-0,99;
2.5.2015 12:15;000,0;030,6;;;;;22058;1546607;5644;171532;62;712;0;0;0;0;0;0;0;;-26,25;-23,25;-24,50;1,25;1,00;3,50;13970,00;12379,00;13252,00;1,89;1,89;1,88;;26,25;23,25;24,75;nan;nan;0,25;-74,25;6,00;nan;74,67;74,77;NaN;-18,56;1,50;18,67;18,69;1,00;-0,99;-0,99;
2.5.2015 12:30;000,0;023,5;;;;;22058;1546613;5644;171533;62;712;0;0;0;0;0;0;0;;-23,50;-21,00;-21,75;1,25;0,75;3,00;13938,00;12364,00;13265,00;1,70;1,70;1,67;;23,50;21,00;22,00;nan;nan;1,39;-66,50;5,25;nan;66,90;66,98;NaN;-16,62;1,31;16,72;16,75;1,00;-0,99;-0,99;
2.5.2015 12:45;000,0;063,9;;;;;22058;1546629;5644;171534;62;712;0;0;0;0;0;0;0;;-81,50;-72,50;-77,00;4,75;4,50;12,00;13938,00;12407,00;13296,00;5,86;5,88;5,88;;81,50;72,75;78,00;nan;4,01;3,32;-231,25;21,50;nan;232,75;233,02;NaN;-57,81;5,38;58,19;58,26;1,00;-0,99;-0,99;
2.5.2015 13:00;000,0;141,3;;;;;22058;1546664;5644;171538;62;712;0;0;0;0;0;0;0;;-134,00;-119,75;-127,00;9,00;8,75;20,75;14048,00;12521,00;13371,00;9,56;9,60;9,63;;134,25;120,00;128,75;nan;nan;4,12;-380,75;38,75;nan;383,27;383,71;NaN;-95,19;9,69;95,82;95,93;0,99;-0,99;-0,99;
2.5.2015 13:15;000,0;072,4;;;;;22058;1546682;5644;171539;62;712;0;0;0;0;0;0;0;;-24,00;-21,50;-22,25;1,25;0,75;3,00;13981,00;12404,00;13256,00;1,73;1,74;1,71;;24,00;21,50;22,50;nan;nan;1,48;-68,00;5,25;nan;68,41;68,50;NaN;-17,00;1,31;17,10;17,12;1,00;-0,99;-0,99;
2.5.2015 13:30;000,0;027,5;;;;;22058;1546689;5644;171540;62;712;0;0;0;0;0;0;0;;-33,25;-29,75;-31,25;1,75;1,25;4,25;13982,00;12420,00;13258,00;2,39;2,41;2,38;;33,25;29,75;31,50;nan;nan;nan;-94,50;7,50;nan;94,93;95,06;NaN;-23,62;1,88;23,73;23,77;1,00;-1,00;-0,99;
2.5.2015 13:45;000,0;038,4;;;;;22058;1546698;5644;171541;62;712;0;0;0;0;0;0;0;;-34,25;-30,50;-32,00;1,75;1,25;4,50;14013,00;12424,00;13256,00;2,45;2,46;2,44;;34,25;30,50;32,25;nan;nan;nan;-96,75;7,75;nan;97,37;97,50;NaN;-24,19;1,94;24,34;24,37;1,00;-0,99;-0,99;
2.5.2015 14:00;000,0;031,4;;;;;22058;1546706;5644;171541;62;712;0;0;0;0;0;0;0;;-27,00;-24,25;-25,25;1,50;1,00;3,50;13922,00;12428,00;13264,00;1,94;1,96;1,93;;27,00;24,25;25,50;nan;nan;0,66;-76,50;6,00;nan;77,04;77,13;NaN;-19,12;1,50;19,26;19,28;1,00;-0,99;-0,99;
2.5.2015 14:15;000,0;063,9;;;;;22058;1546722;5644;171543;62;712;0;0;0;0;0;0;0;;-77,25;-69,00;-72,75;4,50;4,00;11,00;13985,00;12453,00;13289,00;5,54;5,56;5,56;;77,50;69,25;73,75;4,29;4,31;5,05;-219,25;19,75;13,65;220,67;220,93;12,78;-54,81;4,94;55,17;55,23;1,00;-0,99;-0,99;
2.5.2015 14:30;000,0;099,2;;;;;22058;1546747;5644;171545;62;712;0;0;0;0;0;0;0;;-98,75;-87,75;-92,75;6,75;5,75;15,50;14032,00;12454,00;13289,00;7,07;7,08;7,09;;99,00;88,00;94,00;1,97;3,30;nan;-279,50;28,25;nan;281,50;281,84;NaN;-69,88;7,06;70,37;70,46;0,99;-0,99;-0,99;
2.5.2015 14:45;000,0;137,0;;;;;22058;1546783;5644;171549;62;712;0;0;0;0;0;0;0;;-228,00;-202,50;-214,50;20,75;20,00;41,50;14124,00;12556,00;13389,00;16,21;16,22;16,33;;229,00;203,50;218,50;5,14;2,45;3,12;-645,00;82,50;10,71;651,25;652,01;46,55;-161,25;20,62;162,81;163,00;0,99;-0,99;-0,99;
2.5.2015 15:00;000,0;245,9;;;;;22058;1546844;5644;171557;62;712;0;0;0;0;0;0;0;;-258,25;-229,75;-242,75;26,50;24,50;49,50;14127,00;12572,00;13409,00;18,40;18,40;18,48;;259,75;231,25;247,75;8,65;9,55;1,50;-731,00;100,75;19,70;738,99;739,83;49,43;-182,75;25,19;184,75;184,96;0,99;-0,99;-0,99;
2.5.2015 15:15;000,0;234,0;;;;;22058;1546902;5644;171565;62;712;0;0;0;0;0;0;0;;-199,75;-177,00;-188,25;15,75;15,50;34,50;14039,00;12477,00;13337,00;14,28;14,26;14,36;;200,50;177,75;191,50;7,22;5,08;6,63;-565,25;66,00;18,93;569,99;570,63;37,31;-141,31;16,50;142,50;142,66;0,99;-0,99;-0,99;
2.5.2015 15:30;000,0;089,9;;;;;22058;1546924;5644;171567;62;712;0;0;0;0;0;0;0;;-68,75;-61,00;-64,75;3,75;3,50;10,00;13991,00;12435,00;13281,00;4,93;4,93;4,95;;68,75;61,25;65,50;nan;4,28;nan;-194,75;17,50;nan;195,95;196,18;NaN;-48,69;4,38;48,99;49,05;1,00;-0,99;-0,99;
2.5.2015 15:45;000,0;126,8;;;;;22058;1546957;5644;171571;62;712;0;0;0;0;0;0;0;;-233,25;-207,75;-220,00;21,50;20,75;42,50;14055,00;12510,00;13366,00;16,67;16,69;16,78;;234,25;208,75;224,25;2,29;nan;9,05;-661,25;85,00;nan;667,50;668,27;NaN;-165,31;21,25;166,88;167,07;0,99;-0,99;-0,99;
2.5.2015 16:00;000,0;240,9;;;;;22058;1547017;5644;171578;62;712;0;0;0;0;0;0;0;;-188,50;-167,25;-177,75;14,50;13,50;31,75;14032,00;12454,00;13319,00;13,49;13,48;13,57;;189,00;167,75;180,50;nan;nan;nan;-533,50;60,00;nan;537,80;538,44;NaN;-133,38;15,00;134,45;134,61;0,99;-0,99;-0,99;
2.5.2015 16:15;000,0;196,4;;;;;22058;1547066;5644;171583;62;712;0;0;0;0;0;0;0;;-161,50;-143,50;-153,25;10,50;11,00;25,75;13983,00;12454,00;13322,00;11,59;11,58;11,68;;162,00;144,00;155,50;7,18;4,77;5,62;-458,75;47,75;17,57;461,92;462,42;28,12;-114,69;11,94;115,48;115,60;0,99;-0,99;-0,99;
2.5.2015 16:30;000,0;172,6;;;;;22058;1547108;5644;171588;62;712;0;0;0;0;0;0;0;;-119,25;-106,25;-113,75;6,50;7,25;17,75;13962,00;12430,00;13331,00;8,57;8,58;8,66;;119,50;106,50;115,25;4,18;0,79;5,33;-339,50;31,75;10,30;341,65;342,04;24,83;-84,88;7,94;85,41;85,51;1,00;-0,99;-0,99;
2.5.2015 16:45;000,0;104,0;;;;;22058;1547134;5644;171590;62;712;0;0;0;0;0;0;0;;-65,50;-58,50;-62,50;3,25;3,75;9,50;13917,00;12381,00;13289,00;4,73;4,74;4,77;;65,75;58,50;63,25;4,72;nan;2,02;-186,75;16,50;nan;187,94;188,16;NaN;-46,69;4,12;46,98;47,04;1,00;-0,99;-0,99;
2.5.2015 17:00;000,0;108,2;;;;;22058;1547162;5644;171593;62;712;0;0;0;0;0;0;0;;-127,25;-112,75;-120,00;8,00;8,00;20,00;13989,00;12428,00;13307,00;9,12;9,11;9,16;;127,50;113,25;121,75;nan;7,00;4,80;-360,50;36,50;nan;362,85;363,27;NaN;-90,12;9,12;90,71;90,82;0,99;-0,99;-0,99;
2.5.2015 17:15;000,0;130,2;;;;;22058;1547194;5644;171596;62;712;0;0;0;0;0;0;0;;-105,25;-93,25;-99,50;5,75;5,75;16,00;14049,00;12477,00;13341,00;7,51;7,50;7,56;;105,25;93,50;100,75;nan;3,69;nan;-298,00;27,75;nan;299,91;300,25;NaN;-74,50;6,94;74,98;75,06;1,00;-0,99;-0,99;
2.5.2015 17:30;000,0;109,4;;;;;22058;1547222;5644;171599;62;712;0;0;0;0;0;0;0;;-86,00;-76,75;-82,00;4,25;4,75;12,25;14004,00;12495,00;13336,00;6,16;6,17;6,23;;86,25;77,00;83,00;5,00;3,98;3,86;-245,00;21,75;12,85;246,41;246,68;13,74;-61,25;5,44;61,60;61,67;1,00;-0,99;-0,99;
2.5.2015 17:45;000,0;089,5;;;;;22058;1547244;5644;171600;62;712;0;0;0;0;0;0;0;;-70,25;-62,50;-67,00;3,25;3,75;10,00;14013,00;12486,00;13335,00;5,03;5,03;5,10;;70,50;62,75;67,75;4,96;4,15;1,03;-200,00;17,50;10,15;201,30;201,52;14,19;-50,00;4,38;50,32;50,38;1,00;-0,99;-0,99;
2.5.2015 18:00;000,0;070,2;;;;;22058;1547261;5644;171602;62;712;0;0;0;0;0;0;0;;-53,25;-47,25;-50,50;2,50;2,50;7,50;14022,00;12458,00;13345,00;3,81;3,82;3,84;;53,25;47,50;51,00;nan;4,18;nan;-151,25;12,75;nan;152,16;152,34;NaN;-37,81;3,19;38,04;38,09;1,00;-0,99;-0,99;
2.5.2015 18:15;000,0;052,2;;;;;22058;1547274;5644;171603;62;712;0;0;0;0;0;0;0;;-39,50;-35,25;-37,25;2,00;1,75;5,50;14023,00;12463,00;13392,00;2,83;2,84;2,82;;39,50;35,25;37,75;nan;nan;2,69;-112,25;9,50;nan;112,78;112,92;NaN;-28,06;2,38;28,20;28,23;1,00;-1,00;-0,99;
2.5.2015 18:30;000,0;038,1;;;;;22058;1547283;5644;171604;62;712;0;0;0;0;0;0;0;;-28,00;-25,00;-26,25;1,25;1,00;3,75;14006,00;12469,00;13384,00;2,01;2,01;2,00;;28,00;25,00;26,50;nan;nan;nan;-79,50;6,25;nan;80,05;80,14;NaN;-19,88;1,56;20,01;20,04;1,00;-0,99;-0,99;
2.5.2015 18:45;000,0;028,0;;;;;22058;1547290;5644;171604;62;712;0;0;0;0;0;0;0;;-24,25;-21,50;-22,75;1,00;0,75;3,00;14004,00;12456,00;13381,00;1,74;1,74;1,73;;24,25;21,50;23,00;nan;nan;1,56;-68,75;5,25;nan;69,09;69,17;NaN;-17,19;1,31;17,27;17,29;1,00;-1,00;-0,99;
2.5.2015 19:00;000,0;024,0;;;;;22058;1547296;5644;171605;62;712;0;0;0;0;0;0;0;;-18,25;-16,25;-17,00;1,00;0,75;2,50;13987,00;12449,00;13363,00;1,32;1,32;1,31;;18,50;16,25;17,25;2,86;nan;1,52;-52,00;4,25;nan;52,47;52,53;NaN;-13,00;1,06;13,12;13,13;1,00;-0,99;-0,99;
2.5.2015 19:15;000,0;015,7;;;;;22058;1547300;5644;171605;62;712;0;0;0;0;0;0;0;;-10,25;-9,00;-9,25;0,75;0,50;1,50;13990,00;12449,00;13357,00;0,74;0,74;0,72;;10,25;9,25;9,50;nan;2,08;1,56;-28,75;3,00;nan;29,28;29,32;NaN;-7,19;0,75;7,32;7,33;0,99;-0,98;-0,98;
2.5.2015 19:30;000,0;008,9;;;;;22058;1547302;5644;171606;62;712;0;0;0;0;0;0;0;;-6,00;-5,25;-5,25;0,75;0,00;1,25;13962,00;12442,00;13365,00;0,44;0,43;0,41;;6,00;5,25;5,50;nan;0,00;1,06;-16,50;2,00;nan;17,04;17,06;NaN;-4,12;0,50;4,26;4,27;0,99;-0,97;-0,97;
2.5.2015 19:45;000,0;004,0;;;;;22058;1547303;5644;171606;62;712;0;0;0;0;0;0;0;;-1,25;-0,75;-0,50;0,75;0,00;0,75;13984,00;12430,00;13344,00;0,13;0,11;0,11;;1,75;1,25;1,25;0,97;1,00;0,87;-2,75;1,75;2,83;4,65;4,66;1,75;-0,69;0,44;1,16;1,16;0,80;-0,59;-0,59;
2.5.2015 20:00;000,2;000,1;;;;;22058;1547303;5645;171606;62;712;0;0;0;0;0;0;0;;0,25;0,50;0,75;0,00;0,00;0,00;13964,00;12417,00;13342,00;0,04;0,04;0,06;;0,50;0,50;0,75;0,43;0,00;0,00;1,50;0,00;0,43;1,85;1,90;1,08;0,38;0,00;0,46;0,48;1,00;0,81;0,79;
2.5.2015 20:15;000,7;000,0;;;;;22058;1547303;5645;171606;62;712;0;0;0;0;0;0;0;;0,25;0,50;0,75;0,00;0,00;0,00;13946,00;12420,00;13318,00;0,03;0,04;0,06;;0,25;0,50;0,75;0,00;0,00;0,00;1,50;0,00;0,00;1,78;1,83;1,05;0,38;0,00;0,44;0,46;1,00;0,84;0,82;
2.5.2015 20:30;000,7;000,0;;;;;22059;1547303;5645;171606;62;712;0;0;0;0;0;0;0;;0,25;0,50;0,75;0,00;0,00;0,00;13956,00;12402,00;13326,00;0,03;0,04;0,06;;0,25;0,50;0,75;0,00;0,00;0,00;1,50;0,00;0,00;1,78;1,83;1,05;0,38;0,00;0,44;0,46;1,00;0,84;0,82;
2.5.2015 20:45;000,7;000,0;;;;;22059;1547303;5645;171606;62;712;0;0;0;0;0;0;0;;0,25;0,25;0,75;0,00;0,00;0,00;13948,00;12398,00;13308,00;0,03;0,04;0,06;;0,25;0,50;0,75;0,00;0,43;0,00;1,50;0,00;0,43;1,78;1,83;0,96;0,38;0,00;0,44;0,46;1,00;0,84;0,82;
2.5.2015 21:00;000,7;000,0;;;;;22059;1547303;5645;171606;62;712;0;0;0;0;0;0;0;;0,25;0,50;0,75;0,00;0,00;0,00;13921,00;12419,00;13334,00;0,03;0,04;0,06;;0,25;0,50;0,75;0,00;0,00;0,00;1,50;0,00;0,00;1,78;1,83;1,05;0,38;0,00;0,44;0,46;1,00;0,84;0,82;
2.5.2015 21:15;000,7;000,0;;;;;22059;1547303;5645;171606;62;712;0;0;0;0;0;0;0;;0,25;0,50;0,75;0,00;0,00;0,00;13974,00;12417,00;13323,00;0,03;0,04;0,06;;0,25;0,50;0,75;0,00;0,00;0,00;1,50;0,00;0,00;1,78;1,83;1,06;0,38;0,00;0,44;0,46;1,00;0,84;0,82;
2.5.2015 21:30;000,7;000,0;;;;;22059;1547303;5645;171606;62;712;0;0;0;0;0;0;0;;0,25;0,50;0,75;0,00;0,00;0,00;14059,00;12428,00;13305,00;0,03;0,04;0,06;;0,25;0,50;0,75;0,00;0,00;0,00;1,50;0,00;0,00;1,78;1,84;1,06;0,38;0,00;0,45;0,46;1,00;0,84;0,82;
2.5.2015 21:45;000,7;000,0;;;;;22060;1547303;5645;171606;62;712;0;0;0;0;0;0;0;;0,25;0,50;0,75;0,00;0,00;0,00;14046,00;12441,00;13320,00;0,03;0,04;0,06;;0,25;0,50;0,75;0,00;0,00;0,00;1,50;0,00;0,00;1,78;1,84;1,06;0,38;0,00;0,45;0,46;1,00;0,84;0,82;
2.5.2015 22:00;000,7;000,0;;;;;22060;1547303;5645;171606;62;712;0;0;0;0;0;0;0;;0,25;0,50;0,75;0,00;0,00;0,00;13995,00;12461,00;13363,00;0,03;0,04;0,06;;0,25;0,50;0,75;0,00;0,00;0,00;1,50;0,00;0,00;1,78;1,84;1,06;0,38;0,00;0,45;0,46;1,00;0,84;0,82;
2.5.2015 22:15;000,7;000,0;;;;;22060;1547303;5645;171606;62;712;0;0;0;0;0;0;0;;0,25;0,50;0,75;0,00;0,00;0,00;14075,00;12450,00;13346,00;0,03;0,04;0,06;;0,25;0,50;0,75;0,00;0,00;0,00;1,50;0,00;0,00;1,79;1,84;1,07;0,38;0,00;0,45;0,46;1,00;0,84;0,81;
2.5.2015 22:30;000,7;000,0;;;;;22060;1547303;5645;171606;62;712;0;0;0;0;0;0;0;;0,25;0,50;0,75;0,00;0,00;0,00;14040,00;12462,00;13358,00;0,04;0,04;0,06;;0,25;0,50;0,75;0,00;0,00;0,00;1,50;0,00;0,00;1,82;1,87;1,11;0,38;0,00;0,46;0,47;1,00;0,82;0,80;
2.5.2015 22:45;000,7;000,0;;;;;22060;1547303;5645;171606;62;712;0;0;0;0;0;0;0;;0,25;0,50;0,75;0,00;0,00;0,00;14057,00;12493,00;13397,00;0,03;0,04;0,06;;0,25;0,50;0,75;0,00;0,00;0,00;1,75;0,00;0,00;1,79;1,85;0,59;0,44;0,00;0,45;0,46;1,00;0,98;0,95;
2.5.2015 23:00;000,7;000,0;;;;;22060;1547303;5645;171606;62;712;0;0;0;0;0;0;0;;0,25;0,50;0,75;0,00;0,00;0,00;14045,00;12470,00;13366,00;0,03;0,04;0,06;;0,25;0,50;0,75;0,00;0,00;0,00;1,50;0,00;0,00;1,82;1,88;1,14;0,38;0,00;0,45;0,47;1,00;0,82;0,80;
2.5.2015 23:15;000,7;000,0;;;;;22061;1547303;5645;171606;62;712;0;0;0;0;0;0;0;;0,25;0,50;0,75;0,00;0,00;0,00;14064,00;12484,00;13376,00;0,04;0,04;0,06;;0,25;0,50;0,75;0,00;0,00;0,00;1,75;0,00;0,00;1,86;1,91;0,77;0,44;0,00;0,46;0,48;1,00;0,94;0,92;
2.5.2015 23:30;000,7;000,0;;;;;22061;1547303;5645;171606;62;712;0;0;0;0;0;0;0;;0,25;0,50;0,75;0,00;0,00;0,00;14127,00;12516,00;13415,00;0,03;0,04;0,06;;0,25;0,50;0,75;0,00;0,00;0,00;1,75;0,00;0,00;1,83;1,89;0,72;0,44;0,00;0,46;0,47;1,00;0,96;0,92;
2.5.2015 23:45;000,7;000,0;;;;;22061;1547303;5645;171606;62;712;0;0;0;0;0;0;0;;0,25;0,50;0,75;0,00;0,00;0,00;14125,00;12509,00;13414,00;0,03;0,04;0,06;;0,25;0,50;0,75;0,00;0,00;0,00;1,75;0,00;0,00;1,83;1,89;0,72;0,44;0,00;0,46;0,47;1,00;0,96;0,92;
3.5.2015 00:00;000,7;000,0;;;;;22061;1547303;5645;171606;62;712;0;0;0;0;0;0;0;;0,25;0,50;0,75;0,00;0,00;0,00;14046,00;12571,00;13489,00;0,04;0,04;0,06;;0,25;0,50;0,75;0,00;0,00;0,00;1,75;0,00;0,00;1,87;1,92;0,79;0,44;0,00;0,47;0,48;1,00;0,94;0,91;
3.5.2015 00:15;000,7;000,0;;;;;22061;1547303;5645;171606;62;712;0;0;0;0;0;0;0;;0,25;0,50;0,75;0,00;0,00;0,00;14124,00;12546,00;13438,00;0,04;0,04;0,06;;0,25;0,50;0,75;0,00;0,00;0,00;1,75;0,00;0,00;1,87;1,92;0,79;0,44;0,00;0,47;0,48;1,00;0,94;0,91;
3.5.2015 00:30;000,7;000,0;;;;;22061;1547303;5645;171606;62;712;0;0;0;0;0;0;0;;0,25;0,50;0,75;0,00;0,00;0,00;14109,00;12536,00;13412,00;0,03;0,04;0,06;;0,25;0,50;0,75;0,00;0,00;0,00;1,75;0,00;0,00;1,83;1,89;0,72;0,44;0,00;0,46;0,47;1,00;0,96;0,92;
3.5.2015 00:45;000,7;000,0;;;;;22062;1547303;5645;171606;62;712;0;0;0;0;0;0;0;;0,25;0,50;0,75;0,00;0,00;0,00;14131,00;12551,00;13432,00;0,04;0,04;0,06;;0,25;0,50;0,75;0,00;0,00;0,00;1,75;0,00;0,00;1,87;1,92;0,79;0,44;0,00;0,47;0,48;1,00;0,94;0,91;
3.5.2015 01:00;000,7;000,0;;;;;22062;1547303;5645;171606;62;712;0;0;0;0;0;0;0;;0,25;0,50;0,75;0,00;0,00;0,00;14111,00;12558,00;13467,00;0,03;0,04;0,06;;0,25;0,50;0,75;0,00;0,00;0,00;1,75;0,00;0,00;1,83;1,90;0,73;0,44;0,00;0,46;0,47;1,00;0,96;0,92;
3.5.2015 01:15;000,7;000,0;;;;;22062;1547303;5645;171606;62;712;0;0;0;0;0;0;0;;0,25;0,50;0,75;0,00;0,00;0,00;14110,00;12535,00;13451,00;0,04;0,04;0,06;;0,25;0,50;0,75;0,00;0,00;0,00;1,75;0,00;0,00;1,86;1,92;0,79;0,44;0,00;0,47;0,48;1,00;0,94;0,91;
3.5.2015 01:30;000,7;000,0;;;;;22062;1547303;5645;171606;62;712;0;0;0;0;0;0;0;;0,25;0,50;0,75;0,00;0,00;0,00;14178,00;12553,00;13440,00;0,03;0,04;0,06;;0,25;0,50;0,75;0,00;0,00;0,00;1,75;0,00;0,00;1,83;1,90;0,73;0,44;0,00;0,46;0,47;1,00;0,96;0,92;
3.5.2015 01:45;000,8;000,0;;;;;22062;1547303;5645;171606;62;712;0;0;0;0;0;0;0;;0,25;0,50;0,75;0,00;0,00;0,00;14160,00;12577,00;13470,00;0,04;0,04;0,06;;0,25;0,50;0,75;0,00;0,00;0,00;1,75;0,00;0,00;1,87;1,92;0,80;0,44;0,00;0,47;0,48;1,00;0,94;0,91;
3.5.2015 02:00;000,7;000,0;;;;;22063;1547303;5645;171606;62;712;0;0;0;0;0;0;0;;0,25;0,50;0,75;0,00;0,00;0,00;14075,00;12591,00;13505,00;0,04;0,04;0,06;;0,25;0,50;0,75;0,00;0,00;0,00;1,75;0,00;0,00;1,87;1,92;0,79;0,44;0,00;0,47;0,48;1,00;0,94;0,91;
3.5.2015 02:15;000,7;000,0;;;;;22063;1547303;5645;171606;62;712;0;0;0;0;0;0;0;;0,25;0,50;0,75;0,00;0,00;0,00;14117,00;12558,00;13455,00;0,04;0,04;0,06;;0,25;0,50;0,75;0,00;0,00;0,00;1,75;0,00;0,00;1,87;1,92;0,79;0,44;0,00;0,47;0,48;1,00;0,94;0,91;
3.5.2015 02:30;000,7;000,0;;;;;22063;1547303;5645;171606;62;712;0;0;0;0;0;0;0;;0,25;0,50;0,75;0,00;0,00;0,00;14102,00;12582,00;13467,00;0,04;0,04;0,06;;0,25;0,50;0,75;0,00;0,00;0,00;1,75;0,00;0,00;1,87;1,92;0,79;0,44;0,00;0,47;0,48;1,00;0,94;0,91;
3.5.2015 02:45;000,7;000,0;;;;;22063;1547303;5645;171606;62;712;0;0;0;0;0;0;0;;0,25;0,50;0,75;0,00;0,00;0,00;14120,00;12543,00;13413,00;0,03;0,04;0,06;;0,25;0,50;0,75;0,00;0,00;0,00;1,75;0,00;0,00;1,83;1,89;0,72;0,44;0,00;0,46;0,47;1,00;0,96;0,92;
3.5.2015 03:00;000,7;000,0;;;;;22063;1547303;5645;171606;62;712;0;0;0;0;0;0;0;;0,25;0,50;0,75;0,00;0,00;0,00;14058,00;12572,00;13457,00;0,04;0,04;0,06;;0,50;0,50;0,75;0,43;0,00;0,00;1,75;0,00;0,43;1,87;1,92;0,65;0,44;0,00;0,47;0,48;1,00;0,94;0,91;
3.5.2015 03:15;000,7;000,0;;;;;22063;1547303;5645;171606;62;712;0;0;0;0;0;0;0;;0,25;0,50;0,75;0,00;0,00;0,00;14141,00;12588,00;13443,00;0,04;0,04;0,06;;0,25;0,50;0,75;0,00;0,00;0,00;1,75;0,00;0,00;1,87;1,92;0,79;0,44;0,00;0,47;0,48;1,00;0,94;0,91;
3.5.2015 03:30;000,7;000,0;;;;;22064;1547303;5645;171606;62;712;0;0;0;0;0;0;0;;0,25;0,50;0,75;0,00;0,00;0,00;14145,00;12576,00;13434,00;0,04;0,04;0,06;;0,25;0,50;0,75;0,00;0,00;0,00;1,75;0,00;0,00;1,87;1,92;0,79;0,44;0,00;0,47;0,48;1,00;0,94;0,91;
3.5.2015 03:45;000,8;000,0;;;;;22064;1547303;5645;171606;62;712;0;0;0;0;0;0;0;;0,25;0,50;0,75;0,00;0,00;0,00;14141,00;12551,00;13412,00;0,03;0,04;0,06;;0,25;0,50;0,75;0,00;0,00;0,00;1,75;0,00;0,00;1,83;1,89;0,73;0,44;0,00;0,46;0,47;1,00;0,96;0,92;
3.5.2015 04:00;000,7;000,0;;;;;22064;1547303;5645;171606;62;712;0;0;0;0;0;0;0;;0,25;0,50;0,75;0,00;0,00;0,00;14093,00;12556,00;13436,00;0,04;0,04;0,06;;0,25;0,50;0,75;0,00;0,00;0,00;1,75;0,00;0,00;1,86;1,92;0,78;0,44;0,00;0,47;0,48;1,00;0,94;0,91;
3.5.2015 04:15;000,7;000,0;;;;;22064;1547303;5645;171606;62;712;0;0;0;0;0;0;0;;0,25;0,50;0,75;0,00;0,00;0,00;14094,00;12562,00;13427,00;0,03;0,04;0,06;;0,25;0,50;0,75;0,00;0,00;0,00;1,75;0,00;0,00;1,83;1,89;0,72;0,44;0,00;0,46;0,47;1,00;0,96;0,92;
3.5.2015 04:30;000,7;000,0;;;;;22064;1547303;5645;171606;62;712;0;0;0;0;0;0;0;;0,25;0,50;0,75;0,00;0,00;0,00;14115,00;12557,00;13423,00;0,03;0,04;0,06;;0,25;0,50;0,75;0,00;0,00;0,00;1,75;0,00;0,00;1,83;1,89;0,73;0,44;0,00;0,46;0,47;1,00;0,96;0,92;
3.5.2015 04:45;000,7;000,0;;;;;22064;1547303;5645;171606;62;712;0;0;0;0;0;0;0;;0,25;0,50;0,75;0,00;0,00;0,00;14090,00;12555,00;13434,00;0,04;0,04;0,06;;0,25;0,50;0,75;0,00;0,00;0,00;1,75;0,00;0,00;1,86;1,92;0,78;0,44;0,00;0,47;0,48;1,00;0,94;0,91;
3.5.2015 05:00;000,7;000,0;;;;;22065;1547303;5645;171606;62;712;0;0;0;0;0;0;0;;0,25;0,50;0,75;0,00;0,00;0,00;14095,00;12571,00;13444,00;0,04;0,04;0,06;;0,25;0,50;0,75;0,00;0,00;0,00;1,75;0,00;0,00;1,87;1,92;0,79;0,44;0,00;0,47;0,48;1,00;0,94;0,91;
3.5.2015 05:15;000,7;000,0;;;;;22065;1547303;5645;171606;62;712;0;0;0;0;0;0;0;;-0,75;0,00;1,75;9,50;7,00;9,00;14136,00;12566,00;13419,00;0,68;0,57;0,69;;9,50;7,00;9,25;nan;0,00;1,22;1,00;25,50;nan;26,17;26,21;NaN;0,25;6,38;6,54;6,55;0,93;0,04;0,04;
3.5.2015 05:30;000,1;000,3;;;;;22065;1547304;5646;171606;62;712;0;0;0;0;0;0;0;;-1,25;-1,00;-0,50;1,00;0,00;0,75;14155,00;12596,00;13449,00;0,14;0,12;0,11;;1,75;1,25;1,25;0,71;0,75;0,87;-3,00;1,75;2,32;4,87;4,89;2,53;-0,75;0,44;1,22;1,22;0,83;-0,62;-0,61;
3.5.2015 05:45;000,0;003,0;;;;;22065;1547304;5646;171606;62;712;0;0;0;0;0;0;0;;-4,25;-3,50;-3,25;0,75;0,00;1,25;14173,00;12601,00;13465,00;0,33;0,30;0,29;;4,50;3,75;3,75;1,27;1,35;1,39;-11,50;2,25;4,01;12,29;12,31;NaN;-2,88;0,56;3,07;3,08;0,98;-0,94;-0,93;
3.5.2015 06:00;000,0;007,1;;;;;22065;1547306;5646;171606;62;712;0;0;0;0;0;0;0;;-8,75;-7,75;-7,75;1,00;0,00;1,50;14154,00;12547,00;13437,00;0,64;0,63;0,61;;9,00;7,75;8,00;1,85;0,00;1,30;-24,75;2,50;3,15;25,19;25,22;2,72;-6,19;0,62;6,30;6,31;0,99;-0,98;-0,98;
3.5.2015 06:15;000,0;013,7;;;;;22065;1547310;5646;171607;62;712;0;0;0;0;0;0;0;;-14,75;-13,25;-13,75;0,75;0,50;2,00;14131,00;12532,00;13453,00;1,07;1,07;1,05;;15,00;13,25;14,00;2,62;nan;1,71;-42,00;3,50;nan;42,45;42,51;NaN;-10,50;0,88;10,61;10,63;1,00;-0,99;-0,99;
3.5.2015 06:30;000,0;019,7;;;;;22065;1547314;5646;171607;62;712;0;0;0;0;0;0;0;;-19,75;-17,50;-18,25;0,75;0,50;2,75;14141,00;12523,00;13451,00;1,41;1,40;1,39;;19,75;17,50;18,75;nan;nan;3,31;-55,75;4,25;nan;56,30;56,36;NaN;-13,94;1,06;14,07;14,09;1,00;-0,99;-0,99;
3.5.2015 06:45;000,0;023,8;;;;;22065;1547321;5646;171608;62;712;0;0;0;0;0;0;0;;-23,75;-20,75;-22,00;0,75;0,75;3,25;14103,00;12512,00;13452,00;1,70;1,68;1,68;;23,75;20,75;22,50;nan;nan;3,42;-67,00;5,00;nan;67,46;67,53;NaN;-16,75;1,25;16,87;16,88;1,00;-0,99;-0,99;
3.5.2015 07:00;000,0;029,1;;;;;22065;1547328;5646;171608;62;712;0;0;0;0;0;0;0;;-31,25;-27,50;-29,25;1,25;1,00;4,25;14115,00;12510,00;13436,00;2,23;2,22;2,21;;31,50;27,75;29,50;3,76;3,58;nan;-88,50;6,75;nan;88,91;89,01;NaN;-22,12;1,69;22,23;22,25;1,00;-1,00;-0,99;
3.5.2015 07:15;000,0;049,5;;;;;22065;1547340;5646;171609;62;712;0;0;0;0;0;0;0;;-51,75;-45,75;-48,50;3,00;2,50;7,75;14131,00;12497,00;13422,00;3,68;3,68;3,66;;52,00;45,75;49,00;4,12;nan;nan;-146,25;13,50;nan;147,22;147,40;NaN;-36,56;3,38;36,81;36,85;1,00;-0,99;-0,99;
3.5.2015 07:30;000,0;055,3;;;;;22065;1547354;5646;171611;62;712;0;0;0;0;0;0;0;;-60,50;-53,50;-57,25;2,50;2,75;8,50;14085,00;12519,00;13458,00;4,30;4,30;4,32;;60,50;53,75;58,00;nan;4,39;3,77;-171,50;14,00;nan;172,57;172,77;NaN;-42,88;3,50;43,14;43,19;1,00;-0,99;-0,99;
3.5.2015 07:45;000,0;061,2;;;;;22065;1547369;5646;171612;62;712;0;0;0;0;0;0;0;;-73,00;-65,25;-69,50;3,75;3,75;10,25;14079,00;12554,00;13510,00;5,21;5,22;5,21;;73,25;65,50;70,25;4,74;4,32;nan;-208,00;18,00;nan;209,30;209,54;NaN;-52,00;4,50;52,33;52,39;1,00;-0,99;-0,99;
3.5.2015 08:00;000,0;073,4;;;;;22065;1547388;5646;171613;62;712;0;0;0;0;0;0;0;;-72,25;-63,75;-68,00;3,50;3,50;10,50;14144,00;12540,00;13489,00;5,12;5,11;5,12;;72,25;64,00;69,00;nan;4,44;5,17;-204,25;17,50;nan;205,59;205,83;NaN;-51,06;4,38;51,40;51,46;1,00;-0,99;-0,99;
3.5.2015 08:15;000,0;079,9;;;;;22065;1547408;5646;171615;62;712;0;0;0;0;0;0;0;;-99,50;-88,75;-94,25;6,25;6,00;15,50;14114,00;12558,00;13500,00;7,08;7,09;7,09;;99,75;89,00;95,50;3,28;2,90;nan;-282,75;28,00;nan;284,65;284,98;NaN;-70,69;7,00;71,16;71,24;1,00;-0,99;-0,99;
3.5.2015 08:30;000,0;093,1;;;;;22065;1547431;5646;171617;62;712;0;0;0;0;0;0;0;;-75,50;-67,25;-71,50;4,00;4,00;11,00;14118,00;12518,00;13459,00;5,36;5,39;5,39;;75,75;67,50;72,50;4,67;4,21;4,80;-214,50;19,00;13,67;215,82;216,11;11,98;-53,62;4,75;53,96;54,03;1,00;-0,99;-0,99;
3.5.2015 08:45;000,0;079,3;;;;;22065;1547451;5646;171619;62;712;0;0;0;0;0;0;0;;-83,50;-74,25;-79,25;4,50;4,75;12,25;14054,00;12513,00;13445,00;5,96;5,96;5,97;;83,75;74,50;80,25;4,64;3,82;3,07;-237,25;21,75;11,54;238,64;238,91;13,53;-59,31;5,44;59,66;59,73;1,00;-0,99;-0,99;
3.5.2015 09:00;000,0;101,2;;;;;22065;1547476;5646;171621;62;712;0;0;0;0;0;0;0;;-116,00;-102,75;-109,75;6,50;6,50;18,00;14132,00;12506,00;13425,00;8,24;8,26;8,29;;116,25;103,25;111,25;3,98;7,79;2,74;-328,75;31,25;14,51;331,01;331,43;24,17;-82,19;7,81;82,75;82,86;1,00;-0,99;-0,99;
3.5.2015 09:15;000,0;150,8;;;;;22065;1547516;5646;171626;62;712;0;0;0;0;0;0;0;;-124,50;-111,25;-118,75;7,75;8,25;19,25;14046,00;12500,00;13458,00;8,90;8,93;8,96;;125,00;111,50;120,50;8,04;nan;6,94;-355,00;35,25;nan;357,31;357,74;NaN;-88,75;8,81;89,33;89,44;1,00;-0,99;-0,99;
3.5.2015 09:30;000,0;145,8;;;;;22065;1547551;5646;171629;62;712;0;0;0;0;0;0;0;;-137,75;-122,75;-130,75;9,25;9,25;22,00;14027,00;12481,00;13415,00;9,86;9,88;9,89;;138,25;123,25;132,75;7,24;6,12;6,56;-391,50;40,75;19,92;394,33;394,79;23,01;-97,88;10,19;98,58;98,70;0,99;-0,99;-0,99;
3.5.2015 09:45;000,0;143,6;;;;;22065;1547587;5646;171633;62;712;0;0;0;0;0;0;0;;-132,00;-117,75;-125,75;8,50;9,25;21,00;14029,00;12462,00;13404,00;9,44;9,48;9,53;;132,25;118,00;127,75;nan;nan;8,12;-375,75;39,00;nan;378,38;378,85;NaN;-93,94;9,75;94,59;94,71;0,99;-0,99;-0,99;
3.5.2015 10:00;000,0;103,6;;;;;22065;1547612;5646;171635;62;712;0;0;0;0;0;0;0;;-127,50;-113,75;-121,00;8,00;8,25;19,75;14008,00;12462,00;13375,00;9,14;9,15;9,19;;127,75;114,00;122,75;nan;nan;6,04;-362,50;36,50;nan;365,00;365,43;NaN;-90,62;9,12;91,25;91,36;0,99;-0,99;-0,99;
3.5.2015 10:15;000,0;112,7;;;;;22065;1547640;5646;171638;62;712;0;0;0;0;0;0;0;;-90,00;-80,00;-85,50;4,50;5,00;13,25;13969,00;12423,00;13373,00;6,45;6,46;6,49;;90,00;80,25;86,75;nan;3,88;6,30;-255,75;23,00;nan;257,24;257,54;NaN;-63,94;5,75;64,31;64,39;1,00;-0,99;-0,99;
3.5.2015 10:30;000,0;114,6;;;;;22065;1547669;5646;171641;62;712;0;0;0;0;0;0;0;;-113,50;-100,75;-107,75;6,50;7,00;17,25;13994,00;12455,00;13399,00;8,13;8,13;8,16;;113,50;101,25;109,25;nan;7,21;5,29;-322,25;31,00;nan;324,33;324,70;NaN;-80,56;7,75;81,08;81,17;1,00;-0,99;-0,99;
3.5.2015 10:45;000,0;133,6;;;;;22065;1547703;5646;171644;62;712;0;0;0;0;0;0;0;;-111,75;-99,00;-106,00;6,25;6,50;17,25;14029,00;12459,00;13397,00;7,99;7,99;8,03;;112,00;99,25;107,50;4,11;2,70;4,76;-317,25;30,50;11,58;319,26;319,62;21,14;-79,31;7,62;79,81;79,91;1,00;-0,99;-0,99;
3.5.2015 11:00;000,0;122,7;;;;;22065;1547733;5646;171647;62;712;0;0;0;0;0;0;0;;-131,00;-116,50;-124,25;8,50;8,50;20,75;14022,00;12473,00;13427,00;9,37;9,39;9,40;;131,25;117,00;126,25;nan;6,67;8,39;-372,25;38,25;nan;374,76;375,20;NaN;-93,06;9,56;93,69;93,80;0,99;-0,99;-0,99;
3.5.2015 11:15;000,0;127,6;;;;;22065;1547765;5646;171650;62;712;0;0;0;0;0;0;0;;-89,00;-79,00;-84,50;4,50;4,75;13,00;14016,00;12439,00;13381,00;6,37;6,38;6,40;;89,25;79,25;85,50;4,93;4,12;1,00;-252,75;22,50;10,05;254,34;254,66;18,97;-63,19;5,62;63,59;63,66;1,00;-0,99;-0,99;
3.5.2015 11:30;000,0;120,2;;;;;22065;1547796;5646;171653;62;712;0;0;0;0;0;0;0;;-153,00;-136,25;-145,25;11,00;11,25;25,75;14023,00;12499,00;13423,00;10,96;10,94;11,00;;153,50;136,75;147,50;5,68;3,15;nan;-434,75;48,25;nan;438,11;438,58;NaN;-108,69;12,06;109,53;109,65;0,99;-0,99;-0,99;
3.5.2015 11:45;000,0;171,9;;;;;22065;1547838;5646;171657;62;712;0;0;0;0;0;0;0;;-89,00;-78,75;-84,75;4,00;5,00;13,25;13978,00;12463,00;13382,00;6,38;6,35;6,42;;89,00;79,00;86,00;nan;3,80;6,15;-252,75;22,50;nan;254,30;254,55;NaN;-63,19;5,62;63,57;63,64;1,00;-0,99;-0,99;
3.5.2015 12:00;000,0;093,2;;;;;22065;1547861;5646;171659;62;712;0;0;0;0;0;0;0;;-103,25;-92,00;-98,25;5,50;6,25;15,50;13983,00;12483,00;13407,00;7,40;7,39;7,44;;103,50;92,25;99,75;4,63;2,65;7,53;-293,75;27,25;14,81;295,47;295,78;15,31;-73,44;6,81;73,87;73,94;1,00;-0,99;-0,99;
3.5.2015 12:15;000,0;127,4;;;;;22065;1547893;5646;171663;62;712;0;0;0;0;0;0;0;;-87,75;-78,00;-83,50;4,50;4,75;13,00;14019,00;12458,00;13391,00;6,28;6,28;6,32;;88,00;78,25;84,50;4,87;4,06;nan;-249,50;22,50;nan;251,04;251,33;NaN;-62,38;5,62;62,76;62,83;1,00;-0,99;-0,99;
3.5.2015 12:30;000,0;097,6;;;;;22065;1547918;5646;171665;62;712;0;0;0;0;0;0;0;;-88,50;-78,50;-84,25;4,25;4,75;13,00;14018,00;12459,00;13403,00;6,33;6,33;6,37;;88,75;78,75;85,25;5,12;4,09;0,71;-251,50;22,50;9,92;252,94;253,23;16,45;-62,88;5,62;63,24;63,31;1,00;-0,99;-0,99;
3.5.2015 12:45;000,0;092,5;;;;;22065;1547941;5646;171667;62;712;0;0;0;0;0;0;0;;-74,00;-65,50;-70,50;3,25;4,00;10,75;13997,00;12453,00;13399,00;5,30;5,29;5,33;;74,00;65,75;71,25;nan;4,10;nan;-210,25;18,25;nan;211,44;211,68;NaN;-52,56;4,56;52,86;52,92;1,00;-0,99;-0,99;
3.5.2015 13:00;000,0;078,4;;;;;22065;1547960;5646;171669;62;712;0;0;0;0;0;0;0;;-73,00;-65,25;-69,50;3,75;4,00;10,50;13948,00;12474,00;13394,00;5,25;5,26;5,26;;73,25;65,50;70,50;4,74;4,09;5,45;-208,25;18,50;14,28;209,39;209,62;5,07;-52,06;4,62;52,35;52,40;1,00;-0,99;-0,99;
3.5.2015 13:15;000,0;080,9;;;;;22065;1547980;5646;171670;62;712;0;0;0;0;0;0;0;;-62,25;-55,50;-59,00;3,00;3,00;8,75;13985,00;12445,00;13387,00;4,47;4,48;4,47;;62,25;55,75;59,75;nan;4,34;3,54;-177,00;15,00;nan;178,01;178,22;NaN;-44,25;3,75;44,50;44,55;1,00;-0,99;-0,99;
3.5.2015 13:30;000,0;058,3;;;;;22065;1547995;5646;171672;62;712;0;0;0;0;0;0;0;;-51,50;-45,75;-48,75;2,50;2,50;7,25;14010,00;12441,00;13360,00;3,68;3,70;3,70;;51,50;46,00;49,25;nan;4,09;nan;-146,00;12,25;nan;147,03;147,21;NaN;-36,50;3,06;36,76;36,80;1,00;-0,99;-0,99;
3.5.2015 13:45;000,0;067,1;;;;;22065;1548012;5646;171673;62;712;0;0;0;0;0;0;0;;-68,50;-60,75;-64,50;3,50;3,25;9,75;14034,00;12454,00;13362,00;4,89;4,91;4,91;;68,50;61,00;65,50;nan;4,46;5,91;-194,25;16,75;nan;195,29;195,53;NaN;-48,56;4,19;48,82;48,88;1,00;-0,99;-0,99;
3.5.2015 14:00;000,0;066,7;;;;;22065;1548028;5646;171674;62;712;0;0;0;0;0;0;0;;-48,75;-43,50;-46,00;2,50;2,25;6,75;13982,00;12467,00;13378,00;3,50;3,50;3,49;;48,75;43,50;46,75;nan;nan;4,90;-138,50;11,75;nan;139,36;139,51;NaN;-34,62;2,94;34,84;34,88;1,00;-0,99;-0,99;
3.5.2015 14:15;000,0;052,3;;;;;22065;1548041;5646;171676;62;712;0;0;0;0;0;0;0;;-46,00;-41,00;-43,50;2,25;2,25;6,50;14019,00;12467,00;13362,00;3,30;3,31;3,30;;46,25;41,00;44,00;4,24;nan;1,22;-130,75;11,00;nan;131,56;131,72;NaN;-32,69;2,75;32,89;32,93;1,00;-0,99;-0,99;
3.5.2015 14:30;000,0;047,6;;;;;22065;1548053;5646;171677;62;712;0;0;0;0;0;0;0;;-40,75;-36,25;-38,50;2,25;1,75;5,75;14003,00;12462,00;13388,00;2,93;2,93;2,91;;41,00;36,50;39,00;3,92;3,89;2,38;-115,75;10,00;10,20;116,57;116,70;4,19;-28,94;2,50;29,14;29,18;1,00;-0,99;-0,99;
3.5.2015 14:45;000,0;043,8;;;;;22065;1548064;5646;171677;62;712;0;0;0;0;0;0;0;;-39,50;-35,00;-37,00;2,00;1,50;5,50;14049,00;12448,00;13363,00;2,83;2,83;2,81;;39,75;35,00;37,50;3,98;nan;2,65;-111,75;9,25;nan;112,54;112,68;NaN;-27,94;2,31;28,13;28,17;1,00;-0,99;-0,99;
3.5.2015 15:00;000,0;045,5;;;;;22065;1548076;5646;171678;62;712;0;0;0;0;0;0;0;;-41,50;-37,00;-39,00;2,25;1,75;6,00;14013,00;12449,00;13378,00;2,98;2,98;2,96;;41,75;37,00;39,50;3,97;nan;1,80;-117,75;10,25;nan;118,52;118,66;NaN;-29,44;2,56;29,63;29,67;1,00;-0,99;-0,99;
3.5.2015 15:15;000,0;050,7;;;;;22065;1548088;5646;171680;62;712;0;0;0;0;0;0;0;;-57,50;-51,00;-54,00;3,75;3,25;9,00;14054,00;12464,00;13380,00;4,12;4,12;4,10;;57,75;51,25;54,75;3,84;3,87;0,75;-163,00;16,50;8,46;164,11;164,31;9,23;-40,75;4,12;41,03;41,08;0,99;-0,99;-0,99;
3.5.2015 15:30;000,0;048,4;;;;;22065;1548100;5646;171681;62;712;0;0;0;0;0;0;0;;-29,00;-25,75;-27,00;1,25;1,00;3,75;14011,00;12419,00;13350,00;2,08;2,09;2,06;;29,00;25,75;27,50;nan;nan;3,63;-82,00;6,50;nan;82,57;82,68;NaN;-20,50;1,62;20,64;20,67;1,00;-0,99;-0,99;
3.5.2015 15:45;000,0;028,5;;;;;22065;1548107;5646;171681;62;712;0;0;0;0;0;0;0;;-27,75;-24,75;-26,00;1,25;1,00;3,75;14007,00;12427,00;13342,00;2,00;1,99;1,98;;28,00;24,75;26,25;3,52;nan;nan;-78,75;6,25;nan;79,19;79,28;NaN;-19,69;1,56;19,80;19,82;1,00;-0,99;-0,99;
3.5.2015 16:00;000,0;030,8;;;;;22065;1548115;5646;171682;62;712;0;0;0;0;0;0;0;;-27,25;-24,25;-25,25;1,25;1,00;3,50;13984,00;12417,00;13313,00;1,96;1,96;1,94;;27,25;24,25;25,75;nan;nan;3,64;-77,00;6,00;nan;77,44;77,53;NaN;-19,25;1,50;19,36;19,38;1,00;-0,99;-0,99;
3.5.2015 16:15;000,0;024,6;;;;;22065;1548121;5646;171682;62;712;0;0;0;0;0;0;0;;-20,00;-18,00;-18,75;1,00;0,75;2,50;13934,00;12424,00;13339,00;1,45;1,46;1,43;;20,00;18,00;19,00;nan;nan;1,79;-57,00;4,75;nan;57,52;57,59;NaN;-14,25;1,19;14,38;14,40;1,00;-0,99;-0,99;
3.5.2015 16:30;000,0;024,9;;;;;22065;1548128;5646;171683;62;712;0;0;0;0;0;0;0;;-20,50;-18,25;-19,25;1,00;0,50;2,75;13915,00;12411,00;13319,00;1,49;1,48;1,47;;20,75;18,25;19,50;3,05;nan;1,46;-58,25;4,50;nan;58,64;58,71;NaN;-14,56;1,12;14,66;14,68;1,00;-0,99;-0,99;
3.5.2015 16:45;000,0;023,6;;;;;22065;1548133;5646;171683;62;712;0;0;0;0;0;0;0;;-17,75;-15,75;-16,50;1,00;0,50;2,25;13939,00;12411,00;13342,00;1,28;1,28;1,25;;17,75;15,75;16,50;nan;nan;nan;-50,00;4,00;nan;50,51;50,57;NaN;-12,50;1,00;12,63;12,64;1,00;-0,99;-0,99;
3.5.2015 17:00;000,0;015,6;;;;;22065;1548137;5646;171684;62;712;0;0;0;0;0;0;0;;-14,50;-12,50;-13,00;0,75;0,00;2,00;13933,00;12401,00;13310,00;1,05;1,03;1,01;;14,50;12,75;13,25;nan;2,51;1,60;-40,25;3,00;nan;40,78;40,82;NaN;-10,06;0,75;10,19;10,20;1,00;-0,99;-0,99;
3.5.2015 17:15;000,0;015,9;;;;;22065;1548141;5646;171684;62;712;0;0;0;0;0;0;0;;-12,75;-11,25;-11,75;0,75;0,50;2,00;14005,00;12407,00;13298,00;0,93;0,92;0,90;;13,00;11,25;12,00;2,42;nan;1,39;-36,00;3,25;nan;36,47;36,51;NaN;-9,00;0,81;9,12;9,13;1,00;-0,99;-0,99;
3.5.2015 17:30;000,0;018,1;;;;;22065;1548146;5646;171684;62;712;0;0;0;0;0;0;0;;-16,50;-14,75;-15,25;1,00;0,50;2,25;13978,00;12443,00;13351,00;1,19;1,19;1,17;;16,50;14,75;15,50;nan;nan;1,62;-46,75;4,00;nan;47,16;47,22;NaN;-11,69;1,00;11,79;11,80;1,00;-0,99;-0,99;
3.5.2015 17:45;000,0;015,5;;;;;22065;1548150;5646;171685;62;712;0;0;0;0;0;0;0;;-10,25;-9,25;-9,25;0,75;0,50;1,50;13932,00;12435,00;13336,00;0,75;0,75;0,72;;10,50;9,25;9,50;2,15;nan;1,56;-29,00;3,00;nan;29,45;29,48;NaN;-7,25;0,75;7,36;7,37;0,99;-0,98;-0,98;
3.5.2015 18:00;000,0;010,4;;;;;22065;1548152;5646;171685;62;712;0;0;0;0;0;0;0;;-7,75;-6,75;-6,50;1,00;0,00;1,25;14025,00;12449,00;13323,00;0,56;0,56;0,52;;7,75;6,75;6,75;nan;0,00;1,32;-21,25;2,50;nan;21,79;21,83;NaN;-5,31;0,62;5,45;5,46;0,99;-0,98;-0,97;
3.5.2015 18:15;000,0;008,7;;;;;22065;1548154;5646;171685;62;712;0;0;0;0;0;0;0;;-7,50;-6,50;-6,25;1,00;0,00;1,25;13985,00;12449,00;13311,00;0,54;0,53;0,50;;7,50;6,50;6,50;nan;0,00;1,27;-20,50;2,25;nan;20,87;20,90;NaN;-5,12;0,56;5,22;5,23;0,99;-0,98;-0,98;
3.5.2015 18:30;000,0;006,0;;;;;22065;1548156;5646;171686;62;712;0;0;0;0;0;0;0;;-5,50;-4,75;-4,50;1,00;0,00;1,25;14021,00;12480,00;13328,00;0,41;0,41;0,38;;5,75;5,00;5,00;1,35;1,56;1,79;-15,25;2,25;4,69;15,87;15,90;NaN;-3,81;0,56;3,97;3,97;0,99;-0,96;-0,96;
3.5.2015 18:45;000,0;004,1;;;;;22065;1548157;5646;171686;62;712;0;0;0;0;0;0;0;;-2,50;-2,00;-1,75;1,00;0,00;1,00;13982,00;12463,00;13303,00;0,21;0,19;0,16;;2,75;2,25;2,00;0,56;1,03;nan;-6,50;2,00;nan;7,44;7,47;NaN;-1,62;0,50;1,86;1,87;0,95;-0,87;-0,87;
3.5.2015 19:00;000,0;001,9;;;;;22065;1548157;5646;171686;62;712;0;0;0;0;0;0;0;;-0,75;-0,50;0,00;1,00;0,00;0,75;13993,00;12449,00;13250,00;0,12;0,09;0,09;;1,50;1,00;1,25;0,83;0,87;1,00;-1,50;1,75;2,70;3,99;4,00;1,86;-0,38;0,44;1,00;1,00;0,39;-0,38;-0,37;
3.5.2015 19:15;000,0;000,5;;;;;22065;1548157;5646;171686;62;712;0;0;0;0;0;0;0;;-0,50;-0,25;0,00;0,75;0,00;0,75;13967,00;12458,00;13237,00;0,10;0,09;0,09;;1,25;1,00;1,00;0,87;0,97;0,66;-1,00;1,75;2,50;3,81;3,81;2,06;-0,25;0,44;0,95;0,95;-0,18;-0,26;-0,26;
3.5.2015 19:30;000,0;000,3;;;;;22065;1548158;5646;171686;62;712;0;0;0;0;0;0;0;;-0,25;-0,25;0,00;0,75;0,00;0,75;13941,00;12469,00;13277,00;0,10;0,09;0,09;;1,25;1,00;1,25;0,97;0,97;1,00;-0,50;1,75;2,94;3,75;3,75;1,45;-0,12;0,44;0,94;0,94;-0,94;-0,13;-0,13;
3.5.2015 19:45;000,4;000,1;;;;;22065;1548158;5647;171686;62;712;0;0;0;0;0;0;0;;-0,25;0,00;2,00;9,50;7,00;8,75;13917,00;12442,00;13259,00;0,69;0,58;0,68;;9,50;7,00;9,00;nan;0,00;0,66;1,50;25,25;nan;25,84;25,86;NaN;0,38;6,31;6,46;6,46;-0,43;0,06;0,06;
3.5.2015 20:00;000,7;000,0;;;;;22065;1548158;5648;171686;62;712;0;0;0;0;0;0;0;;0,25;0,50;0,75;0,00;0,00;0,00;13911,00;12404,00;13221,00;0,03;0,04;0,06;;0,25;0,50;0,75;0,00;0,00;0,00;1,50;0,00;0,00;1,77;1,83;1,04;0,38;0,00;0,44;0,46;1,00;0,85;0,82;
3.5.2015 20:15;000,7;000,0;;;;;22065;1548158;5648;171686;62;712;0;0;0;0;0;0;0;;0,25;0,25;0,75;0,00;0,00;0,00;13864,00;12383,00;13213,00;0,03;0,04;0,06;;0,25;0,50;0,75;0,00;0,43;0,00;1,50;0,00;0,43;1,77;1,82;0,94;0,38;0,00;0,44;0,46;1,00;0,85;0,82;
3.5.2015 20:30;000,7;000,0;;;;;22065;1548158;5648;171686;62;712;0;0;0;0;0;0;0;;0,25;0,25;0,75;0,00;0,00;0,00;13894,00;12361,00;13197,00;0,03;0,04;0,06;;0,25;0,50;0,75;0,00;0,43;0,00;1,50;0,00;0,43;1,77;1,82;0,94;0,38;0,00;0,44;0,46;1,00;0,85;0,82;
3.5.2015 20:45;000,7;000,0;;;;;22066;1548158;5648;171686;62;712;0;0;0;0;0;0;0;;0,25;0,25;0,75;0,00;0,00;0,00;13901,00;12377,00;13206,00;0,03;0,04;0,06;;0,25;0,50;0,75;0,00;0,43;0,00;1,50;0,00;0,43;1,77;1,82;0,94;0,38;0,00;0,44;0,46;1,00;0,85;0,82;
3.5.2015 21:00;000,6;000,0;;;;;22066;1548158;5648;171686;62;712;0;0;0;0;0;0;0;;0,25;0,25;0,75;0,00;0,00;0,00;13939,00;12372,00;13206,00;0,03;0,04;0,06;;0,25;0,50;0,75;0,00;0,43;0,00;1,50;0,00;0,43;1,77;1,83;0,95;0,38;0,00;0,44;0,46;1,00;0,85;0,82;
3.5.2015 21:15;000,7;000,0;;;;;22066;1548158;5648;171686;62;712;0;0;0;0;0;0;0;;0,25;0,25;0,75;0,00;0,00;0,00;13888,00;12399,00;13246,00;0,03;0,04;0,06;;0,25;0,50;0,75;0,00;0,43;0,00;1,50;0,00;0,43;1,77;1,83;0,95;0,38;0,00;0,44;0,46;1,00;0,85;0,82;
3.5.2015 21:30;000,7;000,0;;;;;22066;1548158;5648;171686;62;712;0;0;0;0;0;0;0;;0,25;0,25;0,75;0,00;0,00;0,00;13882,00;12386,00;13218,00;0,03;0,04;0,06;;0,25;0,50;0,75;0,00;0,43;0,00;1,50;0,00;0,43;1,77;1,82;0,94;0,38;0,00;0,44;0,46;1,00;0,85;0,82;
3.5.2015 21:45;000,7;000,0;;;;;22066;1548158;5648;171686;62;712;0;0;0;0;0;0;0;;0,25;0,25;0,75;0,00;0,00;0,00;13918,00;12398,00;13224,00;0,03;0,04;0,06;;0,25;0,50;0,75;0,00;0,43;0,00;1,50;0,00;0,43;1,77;1,83;0,95;0,38;0,00;0,44;0,46;1,00;0,85;0,82;
3.5.2015 22:00;000,7;000,0;;;;;22066;1548158;5648;171686;62;712;0;0;0;0;0;0;0;;0,25;0,50;0,75;0,00;0,00;0,00;13916,00;12407,00;13252,00;0,03;0,04;0,06;;0,25;0,50;0,75;0,00;0,00;0,00;1,50;0,00;0,00;1,77;1,83;1,04;0,38;0,00;0,44;0,46;1,00;0,85;0,82;
3.5.2015 22:15;000,7;000,0;;;;;22067;1548158;5648;171686;62;712;0;0;0;0;0;0;0;;0,25;0,50;0,75;0,00;0,00;0,00;13974,00;12413,00;13257,00;0,03;0,04;0,06;;0,25;0,50;0,75;0,00;0,00;0,00;1,50;0,00;0,00;1,78;1,83;1,05;0,38;0,00;0,44;0,46;1,00;0,85;0,82;
3.5.2015 22:30;000,7;000,0;;;;;22067;1548158;5648;171686;62;712;0;0;0;0;0;0;0;;0,25;0,50;0,75;0,00;0,00;0,00;13970,00;12421,00;13281,00;0,04;0,04;0,06;;0,25;0,50;0,75;0,00;0,00;0,00;1,50;0,00;0,00;1,81;1,86;1,09;0,38;0,00;0,45;0,46;1,00;0,83;0,81;
3.5.2015 22:45;000,6;000,0;;;;;22067;1548158;5648;171686;62;712;0;0;0;0;0;0;0;;0,25;0,50;0,75;0,00;0,00;0,00;13949,00;12454,00;13316,00;0,03;0,04;0,06;;0,25;0,50;0,75;0,00;0,00;0,00;1,50;0,00;0,00;1,78;1,83;1,06;0,38;0,00;0,44;0,46;1,00;0,84;0,82;
3.5.2015 23:00;000,7;000,0;;;;;22067;1548158;5648;171686;62;712;0;0;0;0;0;0;0;;0,25;0,50;0,75;0,00;0,00;0,00;13955,00;12448,00;13316,00;0,03;0,04;0,06;;0,25;0,50;0,75;0,00;0,00;0,00;1,50;0,00;0,00;1,78;1,83;1,06;0,38;0,00;0,44;0,46;1,00;0,84;0,82;
3.5.2015 23:15;000,7;000,0;;;;;22067;1548158;5648;171686;62;712;0;0;0;0;0;0;0;;0,25;0,50;0,75;0,00;0,00;0,00;14019,00;12443,00;13319,00;0,03;0,04;0,06;;0,25;0,50;0,75;0,00;0,00;0,00;1,50;0,00;0,00;1,78;1,84;1,06;0,38;0,00;0,45;0,46;1,00;0,84;0,82;
3.5.2015 23:30;000,7;000,0;;;;;22068;1548158;5648;171686;62;712;0;0;0;0;0;0;0;;0,25;0,50;0,75;0,00;0,00;0,00;14052,00;12458,00;13328,00;0,03;0,04;0,06;;0,25;0,50;0,75;0,00;0,00;0,00;1,50;0,00;0,00;1,78;1,84;1,07;0,38;0,00;0,45;0,46;1,00;0,84;0,82;
3.5.2015 23:45;000,7;000,0;;;;;22068;1548158;5648;171686;62;712;0;0;0;0;0;0;0;;0,25;0,50;0,75;0,00;0,00;0,00;14041,00;12449,00;13309,00;0,03;0,04;0,06;;0,25;0,50;0,75;0,00;0,00;0,00;1,50;0,00;0,00;1,78;1,84;1,06;0,38;0,00;0,45;0,46;1,00;0,84;0,82;
4.5.2015 00:00;000,7;000,0;;;;;22068;1548158;5648;171686;62;712;0;0;0;0;0;0;0;;0,25;0,50;0,75;0,00;0,00;0,00;13997,00;12478,00;13324,00;0,03;0,04;0,06;;0,25;0,50;0,75;0,00;0,00;0,00;1,50;0,00;0,00;1,78;1,84;1,06;0,38;0,00;0,45;0,46;1,00;0,84;0,82;
4.5.2015 00:15;000,7;000,0;;;;;22068;1548158;5648;171686;62;712;0;0;0;0;0;0;0;;0,25;0,50;0,75;0,00;0,00;0,00;13948,00;12465,00;13266,00;0,03;0,04;0,06;;0,25;0,50;0,75;0,00;0,00;0,00;1,50;0,00;0,00;1,78;1,83;1,05;0,38;0,00;0,44;0,46;1,00;0,84;0,82;
4.5.2015 00:30;000,7;000,0;;;;;22068;1548158;5648;171686;62;712;0;0;0;0;0;0;0;;0,25;0,50;0,75;0,00;0,00;0,00;13934,00;12480,00;13239,00;0,03;0,04;0,06;;0,25;0,50;0,75;0,00;0,00;0,00;1,50;0,00;0,00;1,78;1,83;1,05;0,38;0,00;0,44;0,46;1,00;0,84;0,82;
4.5.2015 00:45;000,7;000,0;;;;;22068;1548158;5648;171686;62;712;0;0;0;0;0;0;0;;0,25;0,50;0,75;0,00;0,00;0,00;13943,00;12476,00;13240,00;0,03;0,04;0,06;;0,25;0,50;0,75;0,00;0,00;0,00;1,50;0,00;0,00;1,78;1,83;1,05;0,38;0,00;0,44;0,46;1,00;0,84;0,82;
4.5.2015 01:00;000,7;000,0;;;;;22069;1548158;5648;171686;62;712;0;0;0;0;0;0;0;;0,25;0,50;0,75;0,00;0,00;0,00;13875,00;12452,00;13223,00;0,03;0,04;0,06;;0,25;0,50;0,75;0,00;0,00;0,00;1,50;0,00;0,00;1,77;1,83;1,04;0,38;0,00;0,44;0,46;1,00;0,85;0,82;
4.5.2015 01:15;000,7;000,0;;;;;22069;1548158;5648;171686;62;712;0;0;0;0;0;0;0;;0,25;0,50;0,75;0,00;0,00;0,00;13947,00;12477,00;13221,00;0,03;0,04;0,06;;0,25;0,50;0,75;0,00;0,00;0,00;1,50;0,00;0,00;1,77;1,83;1,05;0,38;0,00;0,44;0,46;1,00;0,85;0,82;
4.5.2015 01:30;000,7;000,0;;;;;22069;1548158;5648;171686;62;712;0;0;0;0;0;0;0;;0,25;0,50;0,75;0,00;0,00;0,00;13979,00;12504,00;13235,00;0,03;0,04;0,06;;0,25;0,50;0,75;0,00;0,00;0,00;1,50;0,00;0,00;1,78;1,83;1,06;0,38;0,00;0,44;0,46;1,00;0,84;0,82;
4.5.2015 01:45;000,6;000,0;;;;;22069;1548158;5648;171686;62;712;0;0;0;0;0;0;0;;0,25;0,50;0,75;0,00;0,00;0,00;13959,00;12507,00;13233,00;0,03;0,04;0,06;;0,25;0,50;0,75;0,00;0,00;0,00;1,50;0,00;0,00;1,78;1,83;1,05;0,38;0,00;0,44;0,46;1,00;0,84;0,82;
4.5.2015 02:00;000,7;000,0;;;;;22069;1548158;5648;171686;62;712;0;0;0;0;0;0;0;;0,25;0,50;0,75;0,00;0,00;0,00;13930,00;12542,00;13268,00;0,03;0,04;0,06;;0,25;0,50;0,75;0,00;0,00;0,00;1,50;0,00;0,00;1,78;1,84;1,06;0,38;0,00;0,45;0,46;1,00;0,84;0,82;
4.5.2015 02:15;000,7;000,0;;;;;22069;1548158;5648;171686;62;712;0;0;0;0;0;0;0;;0,25;0,50;0,75;0,00;0,00;0,00;13936,00;12531,00;13240,00;0,03;0,04;0,06;;0,25;0,50;0,75;0,00;0,00;0,00;1,50;0,00;0,00;1,78;1,83;1,06;0,38;0,00;0,44;0,46;1,00;0,84;0,82;
4.5.2015 02:30;000,7;000,0;;;;;22070;1548158;5648;171686;62;712;0;0;0;0;0;0;0;;0,25;0,50;0,75;0,00;0,00;0,00;13986,00;12544,00;13210,00;0,03;0,04;0,06;;0,25;0,50;0,75;0,00;0,00;0,00;1,50;0,00;0,00;1,78;1,84;1,06;0,38;0,00;0,44;0,46;1,00;0,84;0,82;
4.5.2015 02:45;000,7;000,0;;;;;22070;1548158;5648;171686;62;712;0;0;0;0;0;0;0;;0,25;0,50;0,75;0,00;0,00;0,00;13963,00;12560,00;13211,00;0,03;0,04;0,06;;0,25;0,50;0,75;0,00;0,00;0,00;1,50;0,00;0,00;1,78;1,84;1,06;0,38;0,00;0,44;0,46;1,00;0,84;0,82;
4.5.2015 03:00;000,7;000,0;;;;;22070;1548158;5648;171686;62;712;0;0;0;0;0;0;0;;0,25;0,50;0,75;0,00;0,00;0,00;13917,00;12561,00;13238,00;0,03;0,04;0,06;;0,25;0,50;0,75;0,00;0,00;0,00;1,50;0,00;0,00;1,78;1,83;1,06;0,38;0,00;0,44;0,46;1,00;0,84;0,82;
4.5.2015 03:15;000,7;000,0;;;;;22070;1548158;5648;171686;62;712;0;0;0;0;0;0;0;;0,25;0,50;0,75;0,00;0,00;0,00;13974,00;12564,00;13215,00;0,03;0,04;0,06;;0,25;0,50;0,75;0,00;0,00;0,00;1,50;0,00;0,00;1,78;1,84;1,06;0,38;0,00;0,44;0,46;1,00;0,84;0,82;
4.5.2015 03:30;000,7;000,0;;;;;22070;1548158;5648;171686;62;712;0;0;0;0;0;0;0;;0,25;0,50;0,75;0,00;0,00;0,00;13950,00;12560,00;13213,00;0,03;0,04;0,06;;0,25;0,50;0,75;0,00;0,00;0,00;1,50;0,00;0,00;1,78;1,83;1,06;0,38;0,00;0,44;0,46;1,00;0,84;0,82;
4.5.2015 03:45;000,7;000,0;;;;;22070;1548158;5648;171686;62;712;0;0;0;0;0;0;0;;0,25;0,50;0,75;0,00;0,00;0,00;13956,00;12549,00;13174,00;0,03;0,04;0,06;;0,25;0,50;0,75;0,00;0,00;0,00;1,50;0,00;0,00;1,78;1,83;1,05;0,38;0,00;0,44;0,46;1,00;0,84;0,82;
4.5.2015 04:00;000,7;000,0;;;;;22071;1548158;5648;171686;62;712;0;0;0;0;0;0;0;;0,25;0,50;0,75;0,00;0,00;0,00;13947,00;12548,00;13183,00;0,03;0,04;0,06;;0,25;0,50;0,75;0,00;0,00;0,00;1,50;0,00;0,00;1,78;1,83;1,05;0,38;0,00;0,44;0,46;1,00;0,84;0,82;
4.5.2015 04:15;000,7;000,0;;;;;22071;1548158;5648;171686;62;712;0;0;0;0;0;0;0;;0,25;0,50;0,75;0,00;0,00;0,00;13933,00;12558,00;13163,00;0,03;0,04;0,06;;0,25;0,50;0,75;0,00;0,00;0,00;1,50;0,00;0,00;1,77;1,83;1,05;0,38;0,00;0,44;0,46;1,00;0,85;0,82;
4.5.2015 04:30;000,7;000,0;;;;;22071;1548158;5648;171686;62;712;0;0;0;0;0;0;0;;0,25;0,50;0,75;0,00;0,00;0,00;13928,00;12569,00;13180,00;0,03;0,04;0,06;;0,25;0,50;0,75;0,00;0,00;0,00;1,50;0,00;0,00;1,78;1,83;1,05;0,38;0,00;0,44;0,46;1,00;0,84;0,82;
4.5.2015 04:45;000,6;000,0;;;;;22071;1548158;5648;171686;62;712;0;0;0;0;0;0;0;;0,25;0,50;0,75;0,00;0,00;0,00;13918,00;12561,00;13182,00;0,03;0,04;0,06;;0,25;0,50;0,75;0,00;0,00;0,00;1,50;0,00;0,00;1,78;1,83;1,05;0,38;0,00;0,44;0,46;1,00;0,84;0,82;
4.5.2015 05:00;000,7;000,0;;;;;22071;1548158;5648;171686;62;712;0;0;0;0;0;0;0;;0,25;0,50;0,75;0,00;0,00;0,00;13892,00;12537,00;13195,00;0,03;0,04;0,06;;0,25;0,50;0,75;0,00;0,00;0,00;1,50;0,00;0,00;1,77;1,83;1,05;0,38;0,00;0,44;0,46;1,00;0,85;0,82;
4.5.2015 05:15;000,7;000,0;;;;;22071;1548158;5648;171686;62;712;0;0;0;0;0;0;0;;0,25;0,50;0,75;0,00;0,00;0,00;13965,00;12550,00;13145,00;0,03;0,04;0,06;;0,25;0,50;0,75;0,00;0,00;0,00;1,50;0,00;0,00;1,77;1,83;1,05;0,38;0,00;0,44;0,46;1,00;0,85;0,82;
4.5.2015 05:30;000,7;000,0;;;;;22072;1548158;5648;171686;62;712;0;0;0;0;0;0;0;;0,25;0,50;0,75;0,00;0,00;0,00;14009,00;12575,00;13215,00;0,04;0,04;0,06;;0,25;0,50;0,75;0,00;0,00;0,00;1,50;0,00;0,00;1,82;1,86;1,10;0,38;0,00;0,45;0,47;1,00;0,83;0,81;
4.5.2015 05:45;000,7;000,0;;;;;22072;1548158;5648;171686;62;712;0;0;0;0;0;0;0;;0,00;0,25;1,50;9,25;7,25;8,50;13983,00;12548,00;13186,00;0,67;0,60;0,67;;9,25;7,25;8,75;0,00;nan;1,44;1,75;25,25;nan;25,63;25,65;NaN;0,44;6,31;6,41;6,41;-0,29;0,07;0,07;
4.5.2015 06:00;000,3;000,3;;;;;22072;1548158;5649;171687;62;712;0;0;0;0;0;0;0;;-0,75;-0,50;-0,25;0,75;0,00;0,75;14004,00;12533,00;13113,00;0,11;0,10;0,09;;1,50;1,00;1,00;1,06;0,87;0,61;-1,75;1,50;2,54;3,91;3,91;1,89;-0,44;0,38;0,98;0,98;0,65;-0,45;-0,45;
4.5.2015 06:15;000,0;001,0;;;;;22072;1548158;5649;171687;62;712;0;0;0;0;0;0;0;;-1,50;-1,25;-0,75;1,00;0,00;0,75;13902,00;12474,00;13110,00;0,14;0,12;0,11;;1,75;1,50;1,25;nan;0,83;0,66;-3,75;1,75;nan;5,02;5,03;NaN;-0,94;0,44;1,25;1,26;0,89;-0,75;-0,75;
4.5.2015 06:30;000,0;003,1;;;;;22072;1548159;5649;171687;62;712;0;0;0;0;0;0;0;;-4,25;-3,75;-3,50;0,75;0,00;1,00;13814,00;12408,00;13037,00;0,33;0,32;0,31;;4,50;3,75;3,75;1,27;0,00;0,90;-12,00;2,00;2,18;12,54;12,55;2,18;-3,00;0,50;3,14;3,14;0,99;-0,96;-0,96;
4.5.2015 06:45;000,0;005,8;;;;;22072;1548160;5649;171687;62;712;0;0;0;0;0;0;0;;-4,00;-3,25;-3,25;0,75;0,50;1,00;13767,00;12359,00;13000,00;0,30;0,28;0,28;;4,00;3,50;3,50;nan;1,20;0,83;-10,75;2,50;nan;11,36;11,36;NaN;-2,69;0,62;2,84;2,84;0,97;-0,95;-0,95;
4.5.2015 07:00;000,0;004,3;;;;;22072;1548161;5649;171687;62;712;0;0;0;0;0;0;0;;-3,25;-2,75;-2,50;0,75;0,00;1,00;13790,00;12337,00;13003,00;0,26;0,24;0,23;;3,50;3,00;3,00;1,06;1,20;1,32;-9,00;2,00;3,58;9,70;9,71;NaN;-2,25;0,50;2,43;2,43;0,98;-0,93;-0,93;
4.5.2015 07:15;000,0;003,8;;;;;22072;1548162;5649;171688;62;712;0;0;0;0;0;0;0;;-3,75;-3,25;-3,25;0,75;0,50;1,00;13734,00;12293,00;13011,00;0,30;0,28;0,28;;4,00;3,25;3,50;1,17;nan;0,83;-10,50;2,50;nan;11,17;11,17;NaN;-2,62;0,62;2,79;2,79;0,97;-0,94;-0,94;
4.5.2015 07:30;000,0;003,2;;;;;22072;1548163;5649;171688;62;712;0;0;0;0;0;0;0;;-3,50;-3,00;-2,75;1,00;0,00;1,00;13715,00;12270,00;12973,00;0,27;0,25;0,23;;3,50;3,00;3,00;nan;0,00;0,66;-9,25;2,00;nan;9,85;9,86;NaN;-2,31;0,50;2,46;2,47;0,98;-0,94;-0,94;
4.5.2015 07:45;000,0;006,5;;;;;22072;1548165;5649;171688;62;712;0;0;0;0;0;0;0;;-7,75;-7,00;-7,00;0,75;0,50;1,25;13575,00;12280,00;13067,00;0,58;0,59;0,56;;7,75;7,00;7,25;nan;nan;1,41;-22,00;2,75;nan;22,50;22,53;NaN;-5,50;0,69;5,63;5,63;0,99;-0,98;-0,98;
4.5.2015 08:00;000,0;008,6;;;;;22072;1548167;5649;171689;62;712;0;0;0;0;0;0;0;;-7,25;-6,25;-6,25;0,75;0,50;1,25;13597,00;12289,00;13070,00;0,54;0,53;0,51;;7,25;6,50;6,50;nan;1,71;1,27;-20,00;2,75;nan;20,55;20,57;NaN;-5,00;0,69;5,14;5,14;0,99;-0,97;-0,97;
4.5.2015 08:15;000,0;010,3;;;;;22072;1548169;5649;171689;62;712;0;0;0;0;0;0;0;;-15,75;-14,25;-14,75;0,75;0,75;2,00;13504,00;12237,00;12999,00;1,17;1,17;1,15;;15,75;14,25;15,00;nan;nan;1,85;-44,75;3,75;nan;45,10;45,14;NaN;-11,19;0,94;11,28;11,28;1,00;-0,99;-0,99;
4.5.2015 08:30;000,0;017,3;;;;;22072;1548174;5649;171689;62;712;0;0;0;0;0;0;0;;-10,75;-9,75;-9,75;1,00;0,50;1,50;13517,00;12209,00;12989,00;0,81;0,81;0,78;;10,75;9,75;10,00;nan;nan;1,64;-30,50;3,25;nan;30,87;30,91;NaN;-7,62;0,81;7,72;7,73;0,99;-0,99;-0,99;
4.5.2015 08:45;000,0;020,3;;;;;22072;1548179;5649;171690;62;712;0;0;0;0;0;0;0;;-15,75;-14,25;-14,75;1,00;0,50;2,00;13487,00;12208,00;13020,00;1,19;1,17;1,15;;16,00;14,25;14,75;2,63;nan;nan;-45,00;3,75;nan;45,27;45,31;NaN;-11,25;0,94;11,32;11,33;1,00;-0,99;-0,99;
4.5.2015 09:00;000,0;021,8;;;;;22072;1548184;5649;171690;62;712;0;0;0;0;0;0;0;;-28,50;-25,50;-26,75;1,50;1,25;3,75;13516,00;12191,00;13022,00;2,12;2,11;2,09;;28,50;25,50;27,00;nan;nan;nan;-81,25;6,50;nan;81,59;81,66;NaN;-20,31;1,62;20,40;20,42;1,00;-1,00;-0,99;
4.5.2015 09:15;000,0;034,0;;;;;22072;1548193;5649;171691;62;712;0;0;0;0;0;0;0;;-24,00;-21,50;-22,50;1,25;1,00;3,00;13456,00;12154,00;13015,00;1,79;1,78;1,76;;24,00;21,50;22,75;nan;nan;1,52;-68,25;5,50;nan;68,53;68,59;NaN;-17,06;1,38;17,13;17,15;1,00;-1,00;-1,00;
4.5.2015 09:30;000,0;030,3;;;;;22072;1548200;5649;171692;62;712;0;0;0;0;0;0;0;;-29,00;-26,00;-27,50;1,50;1,25;3,75;13456,00;12154,00;13038,00;2,17;2,16;2,13;;29,00;26,25;27,75;nan;3,39;nan;-82,75;6,75;nan;83,29;83,36;NaN;-20,69;1,69;20,82;20,84;1,00;-0,99;-0,99;
4.5.2015 09:45;000,0;034,7;;;;;22072;1548209;5649;171692;62;712;0;0;0;0;0;0;0;;-30,75;-27,75;-29,50;1,50;1,50;4,00;13411,00;12139,00;13011,00;2,31;2,31;2,29;;31,00;27,75;29,75;3,63;nan;nan;-88,25;7,25;nan;88,79;88,86;NaN;-22,06;1,81;22,20;22,22;1,00;-0,99;-0,99;
4.5.2015 10:00;000,0;035,4;;;;;22072;1548218;5649;171693;62;712;0;0;0;0;0;0;0;;-38,75;-34,75;-37,00;2,00;2,25;5,25;13407,00;12088,00;12988,00;2,90;2,90;2,88;;38,75;35,00;37,25;nan;3,52;nan;-110,75;9,75;nan;111,44;111,54;NaN;-27,69;2,44;27,86;27,89;1,00;-0,99;-0,99;
4.5.2015 10:15;000,0;041,9;;;;;22072;1548228;5649;171694;62;712;0;0;0;0;0;0;0;;-34,50;-31,00;-32,75;1,75;1,75;4,50;13446,00;12123,00;13021,00;2,57;2,57;2,55;;34,50;31,00;33,00;nan;nan;nan;-98,50;8,25;nan;98,98;99,08;NaN;-24,62;2,06;24,75;24,77;1,00;-1,00;-0,99;
4.5.2015 10:30;000,0;061,2;;;;;22072;1548244;5649;171695;62;712;0;0;0;0;0;0;0;;-60,50;-55,00;-58,25;3,25;3,75;8,00;13520,00;12229,00;13116,00;4,49;4,51;4,51;;60,75;55,00;59,00;4,44;nan;4,89;-174,00;15,50;nan;175,04;175,21;NaN;-43,50;3,88;43,76;43,80;1,00;-0,99;-0,99;
4.5.2015 10:45;000,0;063,3;;;;;22072;1548260;5649;171697;62;712;0;0;0;0;0;0;0;;-53,25;-48,25;-51,00;3,00;3,00;7,25;13472,00;12193,00;13077,00;3,97;3,97;3,95;;53,25;48,25;51,50;nan;nan;nan;-152,75;13,50;nan;153,61;153,74;NaN;-38,19;3,38;38,40;38,44;1,00;-0,99;-0,99;
4.5.2015 11:00;000,0;061,6;;;;;22072;1548275;5649;171698;62;712;0;0;0;0;0;0;0;;-50,75;-46,25;-48,50;3,00;3,00;6,50;13436,00;12183,00;13097,00;3,79;3,80;3,75;;50,75;46,25;49,00;nan;nan;2,55;-145,50;12,75;nan;146,36;146,50;NaN;-36,38;3,19;36,59;36,63;1,00;-0,99;-0,99;
4.5.2015 11:15;000,0;046,5;;;;;22072;1548287;5649;171699;62;712;0;0;0;0;0;0;0;;-31,00;-28,00;-29,50;1,50;1,50;4,00;13401,00;12123,00;13021,00;2,32;2,32;2,30;;31,00;28,00;29,75;nan;nan;nan;-88,50;7,25;nan;89,13;89,21;NaN;-22,12;1,81;22,28;22,30;1,00;-0,99;-0,99;
4.5.2015 11:30;000,0;052,5;;;;;22072;1548300;5649;171701;62;712;0;0;0;0;0;0;0;;-57,25;-51,75;-55,00;4,25;4,50;9,00;13477,00;12163,00;13081,00;4,28;4,28;4,26;;57,50;52,00;55,75;3,26;2,38;1,44;-164,25;17,75;7,08;165,46;165,62;9,28;-41,06;4,44;41,37;41,40;0,99;-0,99;-0,99;
4.5.2015 11:45;000,0;067,7;;;;;22072;1548317;5649;171702;62;712;0;0;0;0;0;0;0;;-50,50;-46,00;-48,75;2,75;3,00;6,75;13425,00;12151,00;13059,00;3,79;3,80;3,78;;50,75;46,25;49,25;4,21;3,75;1,85;-145,50;13,00;9,82;146,35;146,49;4,85;-36,38;3,25;36,59;36,62;1,00;-0,99;-0,99;
4.5.2015 12:00;000,0;071,4;;;;;22072;1548335;5649;171704;62;712;0;0;0;0;0;0;0;;-71,00;-64,25;-68,25;4,25;4,75;10,00;13435,00;12129,00;13045,00;5,30;5,32;5,30;;71,25;64,50;69,00;4,18;3,10;1,71;-203,75;19,25;9,00;205,03;205,23;12,43;-50,94;4,81;51,26;51,31;1,00;-0,99;-0,99;
4.5.2015 12:15;000,0;082,5;;;;;22072;1548355;5649;171706;62;712;0;0;0;0;0;0;0;;-79,00;-71,25;-76,00;5,00;5,50;11,50;13453,00;12148,00;13055,00;5,89;5,90;5,89;;79,25;71,50;76,75;3,82;2,33;nan;-226,50;22,25;nan;227,97;228,18;NaN;-56,62;5,56;56,99;57,04;1,00;-0,99;-0,99;
4.5.2015 12:30;000,0;076,5;;;;;22072;1548374;5649;171708;62;712;0;0;0;0;0;0;0;;-76,50;-69,25;-73,50;4,75;5,25;11,00;13442,00;12138,00;13031,00;5,72;5,73;5,72;;76,75;69,50;74,50;3,97;2,67;5,20;-219,75;21,25;11,83;221,01;221,21;7,33;-54,94;5,31;55,25;55,30;1,00;-0,99;-0,99;
4.5.2015 12:45;000,0;079,9;;;;;22072;1548394;5649;171709;62;712;0;0;0;0;0;0;0;;-50,75;-46,00;-48,75;2,75;3,00;7,00;13442,00;12124,00;13031,00;3,80;3,82;3,79;;51,00;46,25;49,25;4,23;3,75;0,00;-145,75;13,00;7,98;146,69;146,84;9,22;-36,44;3,25;36,67;36,71;1,00;-0,99;-0,99;
4.5.2015 13:00;000,0;069,3;;;;;22072;1548412;5649;171711;62;712;0;0;0;0;0;0;0;;-58,25;-53,00;-55,75;3,50;3,50;8,00;13409,00;12143,00;13039,00;4,37;4,38;4,34;;58,50;53,00;56,50;4,12;nan;4,49;-167,25;15,25;nan;168,27;168,43;NaN;-41,81;3,81;42,07;42,11;1,00;-0,99;-0,99;
4.5.2015 13:15;000,0;078,2;;;;;22072;1548431;5649;171713;62;712;0;0;0;0;0;0;0;;-82,25;-74,50;-79,25;5,25;6,00;12,00;13395,00;12124,00;13023,00;6,17;6,18;6,16;;82,50;74,75;80,25;3,69;1,15;3,94;-236,25;23,75;8,77;237,79;238,01;13,90;-59,06;5,94;59,45;59,50;0,99;-0,99;-0,99;
4.5.2015 13:30;000,0;071,2;;;;;22072;1548449;5649;171715;62;712;0;0;0;0;0;0;0;;-58,25;-53,00;-56,25;3,00;3,75;7,75;13514,00;12270,00;13176,00;4,33;4,34;4,32;;58,25;53,25;56,75;nan;3,54;nan;-167,75;14,75;nan;168,72;168,87;NaN;-41,94;3,69;42,18;42,22;1,00;-0,99;-0,99;
4.5.2015 13:45;000,0;074,5;;;;;22072;1548468;5649;171716;62;712;0;0;0;0;0;0;0;;-79,00;-71,50;-76,25;4,50;5,50;11,25;13610,00;12293,00;13217,00;5,83;5,85;5,84;;79,25;71,75;77,25;4,39;2,36;5,19;-227,00;21,50;11,94;228,42;228,63;11,80;-56,75;5,38;57,10;57,16;1,00;-0,99;-0,99;
4.5.2015 14:00;000,0;152,5;;;;;22072;1548507;5649;171721;62;712;0;0;0;0;0;0;0;;-201,25;-181,50;-193,50;17,00;19,00;34,25;13735,00;12406,00;13300,00;14,70;14,72;14,79;;201,75;182,50;196,75;nan;1,73;9,76;-576,50;70,75;nan;581,30;581,81;NaN;-144,12;17,69;145,32;145,45;0,99;-0,99;-0,99;
4.5.2015 14:15;000,0;171,2;;;;;22072;1548549;5649;171725;62;712;0;0;0;0;0;0;0;;-98,75;-89,25;-96,00;5,00;7,00;14,00;13753,00;12456,00;13374,00;7,20;7,19;7,26;;99,00;89,50;97,00;4,94;nan;nan;-284,00;26,00;nan;285,71;285,94;NaN;-71,00;6,50;71,43;71,48;1,00;-0,99;-0,99;
4.5.2015 14:30;000,0;176,1;;;;;22072;1548593;5649;171730;62;712;0;0;0;0;0;0;0;;-212,75;-192,25;-205,00;18,00;20,50;36,25;13867,00;12550,00;13451,00;15,41;15,42;15,48;;213,50;193,50;208,25;nan;7,87;5,39;-610,25;75,00;nan;615,40;615,92;NaN;-152,56;18,75;153,85;153,98;0,99;-0,99;-0,99;
4.5.2015 14:45;000,0;217,7;;;;;22072;1548648;5649;171737;62;712;0;0;0;0;0;0;0;;-211,00;-190,50;-202,75;18,00;19,50;36,00;13879,00;12555,00;13473,00;15,27;15,26;15,30;;211,75;191,50;206,00;nan;1,32;5,70;-604,50;73,75;nan;609,75;610,27;NaN;-151,12;18,44;152,44;152,57;0,99;-0,99;-0,99;
4.5.2015 15:00;000,0;269,7;;;;;22072;1548715;5649;171746;62;712;0;0;0;0;0;0;0;;-124,25;-112,25;-120,25;7,00;8,75;18,00;13825,00;12519,00;13453,00;9,01;9,01;9,05;;124,50;112,75;121,50;3,63;5,99;nan;-357,00;34,00;nan;359,11;359,41;NaN;-89,25;8,50;89,78;89,85;1,00;-0,99;-0,99;
4.5.2015 15:15;000,0;185,9;;;;;22072;1548762;5649;171751;62;712;0;0;0;0;0;0;0;;-197,25;-175,50;-186,00;16,00;15,00;34,00;13995,00;12485,00;13379,00;14,15;14,12;14,15;;197,75;176,25;189,25;nan;6,23;7,97;-559,00;65,25;nan;563,53;564,12;NaN;-139,75;16,31;140,88;141,03;0,99;-0,99;-0,99;
4.5.2015 15:30;000,0;173,4;;;;;22072;1548805;5649;171755;62;712;0;0;0;0;0;0;0;;-160,00;-142,50;-151,75;10,75;10,75;25,50;13979,00;12474,00;13355,00;11,48;11,47;11,53;;160,50;143,00;154,00;6,68;5,21;6,14;-454,50;47,00;18,04;457,57;458,06;26,66;-113,62;11,75;114,39;114,51;0,99;-0,99;-0,99;
4.5.2015 15:45;000,0;140,2;;;;;22072;1548840;5649;171759;62;712;0;0;0;0;0;0;0;;-132,00;-117,25;-125,00;8,00;7,75;20,25;13984,00;12444,00;13344,00;9,47;9,46;9,50;;132,25;117,50;126,75;1,44;nan;5,52;-374,50;36,25;nan;376,78;377,20;NaN;-93,62;9,06;94,20;94,30;1,00;-0,99;-0,99;
4.5.2015 16:00;000,0;109,9;;;;;22072;1548867;5649;171761;62;712;0;0;0;0;0;0;0;;-91,25;-81,25;-86,25;5,25;4,75;13,50;13948,00;12405,00;13303,00;6,56;6,58;6,57;;91,50;81,50;87,25;4,26;4,26;nan;-259,00;24,00;nan;260,56;260,87;NaN;-64,75;6,00;65,14;65,22;1,00;-0,99;-0,99;
4.5.2015 16:15;000,0;101,6;;;;;22072;1548892;5649;171764;62;712;0;0;0;0;0;0;0;;-66,00;-58,75;-62,25;3,50;3,25;9,50;13926,00;12429,00;13325,00;4,76;4,74;4,74;;66,25;58,75;63,00;4,56;nan;1,92;-187,25;16,50;nan;188,43;188,62;NaN;-46,81;4,12;47,11;47,15;1,00;-0,99;-0,99;
4.5.2015 16:30;000,0;080,6;;;;;22072;1548912;5649;171766;62;712;0;0;0;0;0;0;0;;-45,50;-40,50;-42,75;2,50;2,00;6,50;13973,00;12402,00;13294,00;3,28;3,27;3,26;;45,75;40,50;43,25;4,07;nan;0,87;-128,75;11,25;nan;129,69;129,84;NaN;-32,19;2,81;32,42;32,46;1,00;-0,99;-0,99;
4.5.2015 16:45;000,0;049,5;;;;;22072;1548925;5649;171767;62;712;0;0;0;0;0;0;0;;-53,00;-47,00;-49,50;3,50;3,00;8,00;13951,00;12412,00;13304,00;3,81;3,81;3,79;;53,00;47,25;50,25;nan;3,82;3,29;-149,75;15,00;nan;150,90;151,07;NaN;-37,44;3,75;37,73;37,77;0,99;-0,99;-0,99;
4.5.2015 17:00;000,0;083,1;;;;;22072;1548946;5649;171769;62;712;0;0;0;0;0;0;0;;-66,00;-58,50;-62,00;3,50;3,00;9,75;14074,00;12472,00;13353,00;4,72;4,71;4,71;;66,25;58,75;62,75;4,56;4,51;nan;-187,00;16,50;nan;187,99;188,22;NaN;-46,75;4,12;47,00;47,05;1,00;-0,99;-0,99;
4.5.2015 17:15;000,0;090,6;;;;;22072;1548968;5649;171771;62;712;0;0;0;0;0;0;0;;-127,75;-113,00;-119,75;8,25;7,25;20,25;14163,00;12551,00;13421,00;9,06;9,04;9,07;;128,25;113,50;121,50;7,74;7,79;3,48;-361,00;36,00;19,01;363,47;363,90;21,03;-90,25;9,00;90,87;90,97;1,00;-0,99;-0,99;
4.5.2015 17:30;000,0;085,9;;;;;22072;1548990;5649;171773;62;712;0;0;0;0;0;0;0;;-48,25;-42,75;-45,00;2,50;2,00;7,00;14108,00;12486,00;13365,00;3,44;3,43;3,42;;48,50;42,75;45,75;4,24;nan;4,37;-136,25;11,75;nan;137,10;137,26;NaN;-34,06;2,94;34,27;34,32;1,00;-0,99;-0,99;
4.5.2015 17:45;000,0;068,1;;;;;22072;1549007;5649;171775;62;712;0;0;0;0;0;0;0;;-80,75;-71,50;-75,75;4,75;4,00;12,00;14141,00;12533,00;13419,00;5,73;5,73;5,72;;81,00;71,75;76,75;4,23;4,45;2,92;-228,25;21,00;11,59;229,63;229,91;13,61;-57,06;5,25;57,41;57,48;1,00;-0,99;-0,99;
4.5.2015 18:00;000,0;077,2;;;;;22072;1549026;5649;171776;62;712;0;0;0;0;0;0;0;;-59,00;-52,25;-54,75;3,25;2,00;8,50;14214,00;12540,00;13390,00;4,17;4,17;4,15;;59,25;52,25;55,50;4,36;nan;3,23;-166,25;14,00;nan;167,27;167,49;NaN;-41,56;3,50;41,82;41,87;1,00;-0,99;-0,99;
4.5.2015 18:15;000,0;051,0;;;;;22072;1549038;5649;171777;62;712;0;0;0;0;0;0;0;;-17,25;-15,00;-15,75;1,00;0,50;2,50;14159,00;12506,00;13358,00;1,24;1,22;1,20;;17,25;15,25;16,00;nan;2,70;1,30;-48,50;4,50;nan;48,81;48,86;NaN;-12,12;1,12;12,20;12,22;1,00;-0,99;-0,99;
4.5.2015 18:30;000,0;019,2;;;;;22072;1549043;5649;171778;62;712;0;0;0;0;0;0;0;;-11,50;-10,00;-10,25;1,00;0,50;2,00;14103,00;12478,00;13327,00;0,83;0,81;0,79;;11,50;10,00;10,50;nan;nan;1,09;-31,75;3,50;nan;32,24;32,27;NaN;-7,94;0,88;8,06;8,07;0,99;-0,98;-0,98;
4.5.2015 18:45;000,0;015,1;;;;;22072;1549047;5649;171778;62;712;0;0;0;0;0;0;0;;-17,50;-15,25;-16,00;1,00;0,50;2,50;14054,00;12481,00;13343,00;1,26;1,24;1,23;;17,50;15,25;16,25;nan;nan;1,35;-49,00;4,25;nan;49,50;49,54;NaN;-12,25;1,06;12,37;12,39;1,00;-0,99;-0,99;
4.5.2015 19:00;000,0;016,9;;;;;22072;1549051;5649;171779;62;712;0;0;0;0;0;0;0;;-8,50;-7,25;-7,25;1,00;0,00;1,75;14119,00;12485,00;13348,00;0,62;0,60;0,58;;8,75;7,25;7,50;1,82;0,00;0,79;-23,50;2,75;2,61;23,96;23,98;2,89;-5,88;0,69;5,99;5,99;0,99;-0,98;-0,98;
4.5.2015 19:15;000,0;006,8;;;;;22072;1549053;5649;171779;62;712;0;0;0;0;0;0;0;;-4,75;-4,00;-4,00;1,00;0,50;1,25;14101,00;12490,00;13319,00;0,36;0,33;0,33;;5,00;4,00;4,25;1,20;nan;0,71;-13,00;3,00;nan;13,59;13,60;NaN;-3,25;0,75;3,40;3,40;0,97;-0,96;-0,96;
4.5.2015 19:30;000,0;004,1;;;;;22072;1549054;5649;171779;62;712;0;0;0;0;0;0;0;;-2,50;-1,75;-1,50;1,00;0,00;1,25;14110,00;12498,00;13364,00;0,21;0,17;0,16;;2,75;2,00;2,00;0,56;0,97;0,43;-6,25;2,25;1,96;7,22;7,24;2,11;-1,56;0,56;1,81;1,81;0,94;-0,87;-0,86;
4.5.2015 19:45;000,0;001,2;;;;;22072;1549054;5649;171780;62;712;0;0;0;0;0;0;0;;-0,25;0,00;0,25;1,00;0,50;0,75;14065,00;12463,00;13294,00;0,10;0,08;0,09;;1,25;0,75;1,25;0,71;0,56;0,97;-0,00;2,50;2,23;3,67;3,67;1,49;-0,00;0,62;0,92;0,92;nan;-0,00;-0,00;
4.5.2015 20:00;000,7;000,0;;;;;22072;1549054;5650;171780;62;712;0;0;0;0;0;0;0;;0,75;0,50;1,00;0,00;0,00;0,00;14099,00;12473,00;13289,00;0,06;0,05;0,09;;0,75;0,50;1,00;0,00;0,00;0,00;2,50;0,00;0,00;2,66;2,73;1,08;0,62;0,00;0,66;0,68;1,00;0,94;0,92;
4.5.2015 20:15;001,0;000,0;;;;;22072;1549054;5650;171780;62;712;0;0;0;0;0;0;0;;0,75;0,50;1,00;0,00;0,00;0,00;14074,00;12439,00;13254,00;0,06;0,05;0,09;;0,75;0,50;1,00;0,00;0,00;0,00;2,50;0,00;0,00;2,65;2,72;1,07;0,62;0,00;0,66;0,68;1,00;0,94;0,92;
4.5.2015 20:30;001,0;000,0;;;;;22073;1549054;5650;171780;62;712;0;0;0;0;0;0;0;;0,50;0,50;1,00;0,00;0,00;0,00;13988,00;12407,00;13198,00;0,06;0,05;0,09;;0,75;0,50;1,00;0,56;0,00;0,00;2,50;0,00;0,56;2,64;2,71;0,87;0,62;0,00;0,66;0,68;1,00;0,95;0,92;
4.5.2015 20:45;001,0;000,0;;;;;22073;1549054;5650;171780;62;712;0;0;0;0;0;0;0;;0,75;0,50;1,00;0,00;0,00;0,00;14093,00;12455,00;13226,00;0,06;0,05;0,09;;0,75;0,50;1,00;0,00;0,00;0,00;2,50;0,00;0,00;2,65;2,72;1,07;0,62;0,00;0,66;0,68;1,00;0,94;0,92;
4.5.2015 21:00;001,1;000,0;;;;;22073;1549054;5650;171780;62;712;0;0;0;0;0;0;0;;0,50;0,50;1,00;0,00;0,00;0,00;14077,00;12459,00;13203,00;0,06;0,05;0,09;;0,75;0,50;1,00;0,56;0,00;0,00;2,50;0,00;0,56;2,65;2,72;0,90;0,62;0,00;0,66;0,68;1,00;0,94;0,92;
4.5.2015 21:15;001,0;000,0;;;;;22073;1549054;5650;171780;62;712;0;0;0;0;0;0;0;;0,50;0,50;1,00;0,00;0,00;0,00;14073,00;12495,00;13264,00;0,06;0,05;0,09;;0,75;0,50;1,00;0,56;0,00;0,00;2,50;0,00;0,56;2,66;2,72;0,92;0,62;0,00;0,66;0,68;1,00;0,94;0,92;
4.5.2015 21:30;001,0;000,0;;;;;22074;1549054;5650;171780;62;712;0;0;0;0;0;0;0;;0,75;0,50;1,00;0,00;0,00;0,00;14108,00;12493,00;13232,00;0,06;0,05;0,09;;0,75;0,50;1,00;0,00;0,00;0,00;2,50;0,00;0,00;2,66;2,72;1,08;0,62;0,00;0,66;0,68;1,00;0,94;0,92;
4.5.2015 21:45;001,0;000,0;;;;;22074;1549054;5650;171780;62;712;0;0;0;0;0;0;0;;0,50;0,50;1,00;0,00;0,00;0,00;14107,00;12514,00;13266,00;0,04;0,05;0,08;;0,50;0,50;1,00;0,00;0,00;0,00;2,00;0,00;0,00;2,38;2,49;1,48;0,50;0,00;0,60;0,62;1,00;0,84;0,80;
4.5.2015 22:00;000,9;000,0;;;;;22074;1549054;5650;171780;62;712;0;0;0;0;0;0;0;;0,25;0,50;0,75;0,00;0,00;0,00;14102,00;12555,00;13240,00;0,04;0,04;0,06;;0,50;0,50;0,75;0,43;0,00;0,00;1,75;0,00;0,43;1,95;2,02;0,91;0,44;0,00;0,49;0,50;1,00;0,90;0,87;
4.5.2015 22:15;000,7;000,0;;;;;22074;1549054;5650;171780;62;712;0;0;0;0;0;0;0;;0,25;0,50;0,75;0,00;0,00;0,00;14098,00;12582,00;13236,00;0,04;0,05;0,06;;0,50;0,50;0,75;0,43;0,00;0,00;1,75;0,00;0,43;1,99;2,05;0,97;0,44;0,00;0,50;0,51;1,00;0,88;0,85;
4.5.2015 22:30;000,8;000,0;;;;;22074;1549054;5650;171780;62;712;0;0;0;0;0;0;0;;0,25;0,50;0,75;0,00;0,00;0,00;14158,00;12607,00;13268,00;0,04;0,05;0,07;;0,50;0,50;0,75;0,43;0,00;0,00;1,75;0,00;0,43;2,03;2,10;1,07;0,44;0,00;0,51;0,52;1,00;0,86;0,83;
4.5.2015 22:45;000,8;000,0;;;;;22075;1549054;5650;171780;62;712;0;0;0;0;0;0;0;;0,25;0,50;0,75;0,00;0,00;0,00;14117,00;12566,00;13252,00;0,04;0,05;0,06;;0,50;0,50;0,75;0,43;0,00;0,00;1,75;0,00;0,43;1,99;2,05;0,98;0,44;0,00;0,50;0,51;1,00;0,88;0,85;
4.5.2015 23:00;000,7;000,0;;;;;22075;1549054;5650;171780;62;712;0;0;0;0;0;0;0;;0,25;0,50;0,75;0,00;0,00;0,00;14140,00;12564,00;13306,00;0,04;0,05;0,06;;0,50;0,50;0,75;0,43;0,00;0,00;1,75;0,00;0,43;1,99;2,05;0,98;0,44;0,00;0,50;0,51;1,00;0,88;0,85;
4.5.2015 23:15;000,8;000,0;;;;;22075;1549054;5650;171780;62;712;0;0;0;0;0;0;0;;0,25;0,50;0,75;0,00;0,00;0,00;14183,00;12565,00;13333,00;0,04;0,05;0,07;;0,50;0,50;0,75;0,43;0,00;0,00;1,75;0,00;0,43;2,03;2,10;1,08;0,44;0,00;0,51;0,53;1,00;0,86;0,83;
4.5.2015 23:30;000,8;000,0;;;;;22075;1549054;5650;171780;62;712;0;0;0;0;0;0;0;;0,25;0,50;0,75;0,00;0,00;0,00;14237,00;12594,00;13329,00;0,04;0,05;0,07;;0,50;0,50;0,75;0,43;0,00;0,00;1,75;0,00;0,43;2,03;2,10;1,09;0,44;0,00;0,51;0,53;1,00;0,86;0,83;
