Cas;P+;P-;Q1;Q2;Q3;Q4;A+;A-;AQ1;AQ2;AQ3;AQ4;S;AP1;AP2;AP3;D1;D2;D3;;P1;P2;P3;Q1;Q2;Q3;U1;U2;U3;I1;I2;I3;;S1;S2;S3;D1;D2;D3;P;Q;D;Sa;Sr;N;AP++;AQ++;Asa++;Asr++;cosFi;P/Sa;P/Sr
 ;"1.5";"2.5";"5.5";"6.5";"7.5";"8.5";"1.8";"2.8";"5.8";"6.8";"7.8";"8.8";"9.8";"21.8";"41.8";"61.8";"181.5";"182.5";"183.5"
 ;[kW];[kW];[kvar];[kvar];[kvar];[kvar];[kWh];[kWh];[kvarh];[kvarh];[kvarh];[kvarh];[kVAh];[kWh];[kWh];[kWh];[kvar];[kvar];[kvar]; ;[kW];[kW];[kW];[kvar];[kvar];[kvar];[V];[V];[V];[A];[A];[A]; ;[kVA];[kVA];[kVA];[kvar];[kvar];kvar];[kW];[kvar];[kvar];[kVAh];[kVAh];[kvar];[kWh];[kvarh];[kVAh];[kVAh]
1.3.2015 00:00;000,9;000,0;;;;;21375;1455716;5507;160755;62;700;0;0;0;0;0;0;0;;0,25;0,50;0,75;0,00;0,00;0,00;13956,00;12549,00;13296,00;0,03;0,04;0,06;;0,25;0,50;0,75;0,00;0,00;0,00;1,50;0,00;0,00;1,78;1,84;1,06;0,38;0,00;0,45;0,46;1,00;0,84;0,82;
1.3.2015 00:15;000,7;000,0;;;;;21375;1455716;5507;160755;62;700;0;0;0;0;0;0;0;;0,25;0,50;0,75;0,00;0,00;0,00;14055,00;12563,00;13283,00;0,03;0,04;0,06;;0,25;0,50;0,75;0,00;0,00;0,00;1,75;0,00;0,00;1,82;1,88;0,70;0,44;0,00;0,45;0,47;1,00;0,96;0,93;
1.3.2015 00:30;000,9;000,0;;;;;21375;1455716;5507;160755;62;700;0;0;0;0;0;0;0;;0,25;0,50;0,75;0,00;0,00;0,00;14050,00;12558,00;13292,00;0,03;0,04;0,06;;0,25;0,50;0,75;0,00;0,00;0,00;1,75;0,00;0,00;1,82;1,88;0,70;0,44;0,00;0,45;0,47;1,00;0,96;0,93;
1.3.2015 00:45;000,8;000,0;;;;;21375;1455716;5507;160755;62;700;0;0;0;0;0;0;0;;0,50;0,50;1,25;0,00;0,00;0,00;14068,00;12595,00;13270,00;0,05;0,07;0,11;;0,75;0,75;1,25;0,56;0,56;0,00;2,75;0,00;1,12;3,12;3,28;1,40;0,69;0,00;0,78;0,82;1,00;0,88;0,84;
1.3.2015 01:00;000,8;000,0;;;;;21376;1455716;5507;160755;62;700;0;0;0;0;0;0;0;;0,25;0,50;0,75;0,00;0,00;0,00;14043,00;12563,00;13283,00;0,03;0,04;0,06;;0,25;0,50;0,75;0,00;0,00;0,00;1,50;0,00;0,00;1,79;1,84;1,07;0,38;0,00;0,45;0,46;1,00;0,84;0,81;
1.3.2015 01:15;000,8;000,0;;;;;21376;1455716;5507;160755;62;700;0;0;0;0;0;0;0;;0,25;0,50;0,75;0,00;0,00;0,00;14076,00;12611,00;13354,00;0,04;0,04;0,06;;0,25;0,50;0,75;0,00;0,00;0,00;1,75;0,00;0,00;1,86;1,92;0,78;0,44;0,00;0,47;0,48;1,00;0,94;0,91;
1.3.2015 01:30;000,8;000,0;;;;;21376;1455716;5507;160755;62;700;0;0;0;0;0;0;0;;0,25;0,50;0,75;0,00;0,00;0,00;14050,00;12581,00;13333,00;0,03;0,04;0,06;;0,25;0,50;0,75;0,00;0,00;0,00;1,75;0,00;0,00;1,82;1,89;0,71;0,44;0,00;0,46;0,47;1,00;0,96;0,93;
1.3.2015 01:45;000,8;000,0;;;;;21376;1455716;5507;160755;62;700;0;0;0;0;0;0;0;;0,25;0,50;0,75;0,00;0,00;0,00;14057,00;12571,00;13295,00;0,03;0,04;0,06;;0,25;0,50;0,75;0,00;0,00;0,00;1,75;0,00;0,00;1,79;1,84;0,58;0,44;0,00;0,45;0,46;1,00;0,98;0,95;
1.3.2015 02:00;000,8;000,0;;;;;21376;1455716;5507;160755;62;700;0;0;0;0;0;0;0;;0,25;0,50;0,75;0,00;0,00;0,00;14036,00;12617,00;13366,00;0,04;0,04;0,06;;0,25;0,50;0,75;0,00;0,00;0,00;1,75;0,00;0,00;1,86;1,91;0,78;0,44;0,00;0,47;0,48;1,00;0,94;0,91;
1.3.2015 02:15;000,9;000,0;;;;;21377;1455716;5507;160755;62;700;0;0;0;0;0;0;0;;0,25;0,50;0,75;0,00;0,00;0,00;14025,00;12575,00;13302,00;0,04;0,04;0,06;;0,25;0,50;0,75;0,00;0,00;0,00;1,75;0,00;0,00;1,85;1,91;0,76;0,44;0,00;0,46;0,48;1,00;0,94;0,92;
1.3.2015 02:30;000,9;000,0;;;;;21377;1455716;5507;160755;62;700;0;0;0;0;0;0;0;;0,50;0,75;0,75;0,00;0,00;0,00;14023,00;12575,00;13299,00;0,04;0,07;0,07;;0,50;0,75;0,75;0,00;0,00;0,00;2,25;0,00;0,00;2,34;2,42;0,90;0,56;0,00;0,58;0,61;1,00;0,96;0,93;
1.3.2015 02:45;001,0;000,0;;;;;21377;1455716;5507;160755;62;700;0;0;0;0;0;0;0;;0,25;0,50;0,75;0,00;0,00;0,00;13989,00;12558,00;13280,00;0,03;0,04;0,06;;0,25;0,50;0,75;0,00;0,00;0,00;1,50;0,00;0,00;1,78;1,84;1,06;0,38;0,00;0,45;0,46;1,00;0,84;0,82;
1.3.2015 03:00;000,9;000,0;;;;;21377;1455716;5507;160755;62;700;0;0;0;0;0;0;0;;0,50;0,50;1,50;0,00;0,00;0,00;14022,00;12580,00;13285,00;0,05;0,07;0,11;;0,75;0,75;1,50;0,56;0,56;0,00;2,75;0,00;1,12;3,11;3,28;1,39;0,69;0,00;0,78;0,82;1,00;0,88;0,84;
1.3.2015 03:15;000,9;000,0;;;;;21378;1455716;5507;160755;62;700;0;0;0;0;0;0;0;;0,50;0,50;1,25;0,00;0,00;0,00;14008,00;12554,00;13273,00;0,05;0,07;0,11;;0,75;0,75;1,50;0,56;0,56;0,83;2,75;0,00;1,95;3,11;3,28;NaN;0,69;0,00;0,78;0,82;1,00;0,88;0,84;
1.3.2015 03:30;000,8;000,0;;;;;21378;1455716;5507;160755;62;700;0;0;0;0;0;0;0;;0,25;0,50;0,75;0,00;0,00;0,00;14029,00;12558,00;13259,00;0,04;0,04;0,06;;0,25;0,50;0,75;0,00;0,00;0,00;1,75;0,00;0,00;1,85;1,91;0,76;0,44;0,00;0,46;0,48;1,00;0,95;0,92;
1.3.2015 03:45;000,9;000,0;;;;;21378;1455716;5507;160755;62;700;0;0;0;0;0;0;0;;0,25;0,50;0,75;0,00;0,00;0,00;13990,00;12546,00;13264,00;0,03;0,04;0,06;;0,25;0,50;0,75;0,00;0,00;0,00;1,50;0,00;0,00;1,78;1,84;1,06;0,38;0,00;0,45;0,46;1,00;0,84;0,82;
1.3.2015 04:00;000,8;000,0;;;;;21378;1455716;5507;160755;62;700;0;0;0;0;0;0;0;;0,25;0,50;0,75;0,00;0,00;0,00;13966,00;12535,00;13255,00;0,03;0,04;0,06;;0,25;0,50;0,75;0,00;0,00;0,00;1,50;0,00;0,00;1,78;1,84;1,06;0,38;0,00;0,45;0,46;1,00;0,84;0,82;
1.3.2015 04:15;000,9;000,0;;;;;21378;1455716;5507;160755;62;700;0;0;0;0;0;0;0;;0,25;0,50;0,75;0,00;0,00;0,00;13977,00;12535,00;13239,00;0,03;0,04;0,06;;0,25;0,50;0,75;0,00;0,00;0,00;1,50;0,00;0,00;1,78;1,84;1,06;0,38;0,00;0,44;0,46;1,00;0,84;0,82;
1.3.2015 04:30;000,8;000,0;;;;;21379;1455716;5507;160755;62;700;0;0;0;0;0;0;0;;0,25;0,50;0,75;0,00;0,00;0,00;13964,00;12508,00;13228,00;0,03;0,04;0,06;;0,25;0,50;0,75;0,00;0,00;0,00;1,50;0,00;0,00;1,78;1,83;1,05;0,38;0,00;0,44;0,46;1,00;0,84;0,82;
1.3.2015 04:45;000,8;000,0;;;;;21379;1455716;5507;160755;62;700;0;0;0;0;0;0;0;;0,25;0,50;0,75;0,00;0,00;0,00;13995,00;12507,00;13209,00;0,03;0,04;0,06;;0,25;0,50;0,75;0,00;0,00;0,00;1,50;0,00;0,00;1,78;1,83;1,06;0,38;0,00;0,44;0,46;1,00;0,84;0,82;
1.3.2015 05:00;000,9;000,0;;;;;21379;1455716;5507;160755;62;700;0;0;0;0;0;0;0;;0,25;0,50;0,75;0,00;0,00;0,00;13934,00;12476,00;13192,00;0,03;0,04;0,06;;0,25;0,50;0,75;0,00;0,00;0,00;1,50;0,00;0,00;1,77;1,83;1,05;0,38;0,00;0,44;0,46;1,00;0,85;0,82;
1.3.2015 05:15;000,8;000,0;;;;;21379;1455716;5507;160755;62;700;0;0;0;0;0;0;0;;0,25;0,50;0,75;0,00;0,00;0,00;13951,00;12495,00;13233,00;0,03;0,04;0,06;;0,25;0,50;0,75;0,00;0,00;0,00;1,50;0,00;0,00;1,78;1,83;1,05;0,38;0,00;0,44;0,46;1,00;0,84;0,82;
1.3.2015 05:30;001,0;000,0;;;;;21380;1455716;5507;160755;62;700;0;0;0;0;0;0;0;;0,50;0,75;0,75;0,00;0,00;0,00;13910,00;12463,00;13201,00;0,04;0,07;0,06;;0,50;0,75;0,75;0,00;0,00;0,00;2,25;0,00;0,00;2,29;2,37;0,74;0,56;0,00;0,57;0,59;1,00;0,98;0,95;
1.3.2015 05:45;001,1;000,0;;;;;21380;1455716;5507;160755;62;700;0;0;0;0;0;0;0;;0,50;0,75;0,75;0,00;0,00;0,00;13948,00;12497,00;13210,00;0,04;0,07;0,06;;0,50;0,75;0,75;0,00;0,00;0,00;2,25;0,00;0,00;2,29;2,37;0,76;0,56;0,00;0,57;0,59;1,00;0,98;0,95;
1.3.2015 06:00;001,0;000,0;;;;;21380;1455716;5507;160755;62;700;0;0;0;0;0;0;0;;0,25;0,50;0,75;0,00;0,00;0,00;13941,00;12500,00;13228,00;0,03;0,04;0,06;;0,25;0,50;0,75;0,00;0,00;0,00;1,50;0,00;0,00;1,78;1,83;1,05;0,38;0,00;0,44;0,46;1,00;0,84;0,82;
1.3.2015 06:15;000,8;000,0;;;;;21380;1455716;5507;160755;62;700;0;0;0;0;0;0;0;;0,50;0,50;1,25;0,00;0,00;0,00;13895,00;12480,00;13199,00;0,05;0,07;0,11;;0,75;0,75;1,25;0,56;0,56;0,00;2,75;0,00;1,12;3,02;3,19;1,16;0,69;0,00;0,76;0,80;1,00;0,91;0,86;
1.3.2015 06:30;000,9;000,0;;;;;21380;1455716;5507;160755;62;700;0;0;0;0;0;0;0;;0,50;1,00;1,50;0,00;0,00;0,00;13953,00;12481,00;13182,00;0,05;0,09;0,12;;0,75;1,00;1,50;0,56;0,00;0,00;3,25;0,00;0,56;3,44;3,62;1,48;0,81;0,00;0,86;0,90;1,00;0,94;0,90;
1.3.2015 06:45;001,0;000,0;;;;;21381;1455716;5507;160755;62;700;0;0;0;0;0;0;0;;0,50;0,75;0,75;0,00;0,00;0,00;13888,00;12477,00;13174,00;0,04;0,07;0,06;;0,50;0,75;0,75;0,00;0,00;0,00;2,25;0,00;0,00;2,29;2,37;0,73;0,56;0,00;0,57;0,59;1,00;0,98;0,95;
1.3.2015 07:00;000,8;000,0;;;;;21381;1455716;5509;160755;62;700;0;0;0;0;0;0;0;;-1,00;0,00;1,00;8,00;6,25;7,75;13911,00;12481,00;13191,00;0,60;0,52;0,62;;8,25;6,25;8,00;1,75;0,00;1,71;-0,00;22,00;3,46;22,88;22,91;5,38;-0,00;5,50;5,72;5,73;nan;-0,00;-0,00;
1.3.2015 07:15;000,0;000,5;;;;;21381;1455716;5509;160755;62;700;0;0;0;0;0;0;0;;-1,25;-0,75;-0,50;0,75;0,00;1,00;13850,00;12418,00;13134,00;0,14;0,11;0,12;;1,75;1,25;1,50;0,97;1,00;1,00;-2,75;1,75;2,97;4,75;4,75;1,78;-0,69;0,44;1,19;1,19;0,80;-0,58;-0,58;
1.3.2015 07:30;000,0;002,2;;;;;21381;1455717;5509;160755;62;700;0;0;0;0;0;0;0;;-2,50;-2,00;-1,75;0,75;0,00;1,00;13852,00;12409,00;13135,00;0,21;0,18;0,17;;2,75;2,25;2,25;0,87;1,03;1,00;-6,50;1,75;2,90;7,41;7,42;1,18;-1,62;0,44;1,85;1,86;0,96;-0,88;-0,88;
1.3.2015 07:45;000,0;003,4;;;;;21381;1455717;5509;160755;62;700;0;0;0;0;0;0;0;;-3,75;-3,25;-3,25;0,75;0,50;1,00;13847,00;12389,00;13153,00;0,30;0,29;0,28;;4,00;3,50;3,50;1,17;1,20;0,83;-10,75;2,25;3,20;11,33;11,34;NaN;-2,69;0,56;2,83;2,84;0,98;-0,95;-0,95;
1.3.2015 08:00;000,0;003,8;;;;;21381;1455718;5509;160755;62;700;0;0;0;0;0;0;0;;-3,50;-2,75;-2,50;1,00;0,00;1,00;13875,00;12388,00;13143,00;0,28;0,25;0,23;;3,75;3,00;2,75;0,90;1,20;0,56;-9,00;2,25;2,66;10,00;10,04;2,76;-2,25;0,56;2,50;2,51;0,97;-0,90;-0,90;
1.3.2015 08:15;000,0;007,7;;;;;21381;1455720;5509;160756;62;700;0;0;0;0;0;0;0;;-10,75;-9,25;-9,00;1,00;0,00;1,75;13873,00;12366,00;13103,00;0,79;0,76;0,72;;10,75;9,25;9,25;nan;0,00;1,22;-29,25;2,75;nan;29,69;29,72;NaN;-7,31;0,69;7,42;7,43;1,00;-0,99;-0,98;
1.3.2015 08:30;000,0;016,5;;;;;21381;1455724;5509;160756;62;700;0;0;0;0;0;0;0;;-14,75;-12,75;-13,50;0,50;0,50;2,25;13816,00;12359,00;13116,00;1,08;1,04;1,05;;14,75;12,75;13,75;nan;nan;1,32;-41,00;3,50;nan;41,48;41,50;NaN;-10,25;0,88;10,37;10,37;1,00;-0,99;-0,99;
1.3.2015 08:45;000,0;017,7;;;;;21381;1455729;5509;160756;62;700;0;0;0;0;0;0;0;;-17,75;-15,50;-16,25;0,75;0,50;2,50;13832,00;12406,00;13116,00;1,29;1,26;1,27;;17,75;15,50;16,50;nan;nan;1,39;-49,75;3,75;nan;50,16;50,19;NaN;-12,44;0,94;12,54;12,55;1,00;-0,99;-0,99;
1.3.2015 09:00;000,0;024,3;;;;;21381;1455735;5509;160757;62;700;0;0;0;0;0;0;0;;-23,50;-20,75;-21,25;1,25;0,00;3,25;13838,00;12395,00;13092,00;1,71;1,68;1,65;;23,75;20,75;21,50;3,20;0,00;0,35;-65,75;4,75;3,56;66,09;66,14;4,06;-16,44;1,19;16,52;16,54;1,00;-0,99;-0,99;
1.3.2015 09:15;000,0;026,4;;;;;21381;1455742;5509;160757;62;700;0;0;0;0;0;0;0;;-22,50;-19,75;-20,75;1,00;0,50;3,00;13859,00;12392,00;13090,00;1,64;1,61;1,62;;22,50;19,75;21,00;nan;nan;1,20;-63,25;4,75;nan;63,76;63,80;NaN;-15,81;1,19;15,94;15,95;1,00;-0,99;-0,99;
1.3.2015 09:30;000,0;025,2;;;;;21381;1455748;5509;160758;62;700;0;0;0;0;0;0;0;;-21,75;-19,00;-19,75;1,00;0,50;3,00;13839,00;12381,00;13066,00;1,58;1,54;1,55;;21,75;19,00;20,00;nan;nan;0,97;-60,75;4,50;nan;61,11;61,16;NaN;-15,19;1,12;15,28;15,29;1,00;-0,99;-0,99;
1.3.2015 09:45;000,0;026,2;;;;;21381;1455754;5509;160758;62;700;0;0;0;0;0;0;0;;-24,25;-21,25;-21,75;1,50;0,00;3,25;13855,00;12381,00;13096,00;1,76;1,74;1,69;;24,25;21,25;22,00;nan;0,00;0,61;-67,75;4,75;nan;68,10;68,16;NaN;-16,94;1,19;17,02;17,04;1,00;-0,99;-0,99;
1.3.2015 10:00;000,0;029,4;;;;;21381;1455762;5509;160759;62;700;0;0;0;0;0;0;0;;-28,75;-25,25;-26,50;1,25;0,50;3,75;13868,00;12379,00;13106,00;2,08;2,05;2,05;;28,75;25,25;26,75;nan;nan;nan;-80,75;6,00;nan;81,09;81,16;NaN;-20,19;1,50;20,27;20,29;1,00;-1,00;-0,99;
1.3.2015 10:15;000,0;059,2;;;;;21381;1455777;5509;160760;62;700;0;0;0;0;0;0;0;;-111,25;-99,00;-103,50;8,75;6,25;17,75;13898,00;12428,00;13155,00;8,04;8,00;7,99;;111,50;99,25;105,00;nan;3,24;nan;-314,00;33,00;nan;316,17;316,47;NaN;-78,50;8,25;79,04;79,12;0,99;-0,99;-0,99;
1.3.2015 10:30;000,0;098,5;;;;;21381;1455801;5509;160762;62;700;0;0;0;0;0;0;0;;-64,25;-57,25;-60,75;3,25;3,00;9,00;13884,00;12403,00;13161,00;4,64;4,64;4,67;;64,25;57,50;61,50;nan;4,44;3,27;-182,50;15,50;nan;183,47;183,66;NaN;-45,62;3,88;45,87;45,92;1,00;-0,99;-0,99;
1.3.2015 10:45;000,0;061,5;;;;;21381;1455817;5509;160764;62;700;0;0;0;0;0;0;0;;-62,25;-55,50;-58,25;3,50;2,50;8,25;13849,00;12386,00;13164,00;4,51;4,50;4,48;;62,25;55,75;59,00;nan;4,64;4,46;-176,25;14,50;nan;177,13;177,32;NaN;-44,06;3,62;44,28;44,33;1,00;-1,00;-0,99;
1.3.2015 11:00;000,0;081,0;;;;;21381;1455837;5509;160765;62;700;0;0;0;0;0;0;0;;-90,00;-80,25;-84,25;6,00;4,50;13,25;13908,00;12370,00;13153,00;6,50;6,51;6,49;;90,25;80,50;85,25;3,01;4,47;nan;-255,00;23,75;nan;256,42;256,73;NaN;-63,75;5,94;64,11;64,18;1,00;-0,99;-0,99;
1.3.2015 11:15;000,0;095,0;;;;;21381;1455861;5509;160768;62;700;0;0;0;0;0;0;0;;-107,00;-95,50;-100,25;8,00;6,50;16,50;13894,00;12412,00;13166,00;7,72;7,73;7,72;;107,25;95,75;101,50;nan;2,36;nan;-303,00;31,25;nan;304,98;305,31;NaN;-75,75;7,81;76,25;76,33;0,99;-0,99;-0,99;
1.3.2015 11:30;000,0;130,6;;;;;21381;1455894;5509;160771;62;700;0;0;0;0;0;0;0;;-65,75;-58,75;-62,00;3,50;3,00;8,75;13852,00;12382,00;13162,00;4,76;4,77;4,76;;65,75;59,00;62,50;nan;4,52;nan;-186,75;15,75;nan;187,75;187,95;NaN;-46,69;3,94;46,94;46,99;1,00;-0,99;-0,99;
1.3.2015 11:45;000,0;109,9;;;;;21381;1455921;5509;160774;62;700;0;0;0;0;0;0;0;;-92,25;-82,25;-86,75;5,50;4,50;13,00;13893,00;12394,00;13181,00;6,65;6,66;6,66;;92,25;82,50;87,75;nan;4,58;2,35;-261,50;23,00;nan;262,82;263,11;NaN;-65,38;5,75;65,70;65,78;1,00;-0,99;-0,99;
1.3.2015 12:00;000,0;144,1;;;;;21381;1455958;5509;160778;62;700;0;0;0;0;0;0;0;;-195,50;-175,00;-184,25;19,75;17,75;35,75;13943,00;12450,00;13255,00;14,11;14,13;14,16;;196,50;175,75;187,75;1,39;nan;4,89;-555,00;73,50;nan;560,41;561,02;NaN;-138,75;18,38;140,10;140,26;0,99;-0,99;-0,99;
1.3.2015 12:15;000,0;169,5;;;;;21381;1456000;5509;160782;62;700;0;0;0;0;0;0;0;;-115,25;-102,50;-108,50;6,75;6,00;17,00;13964,00;12429,00;13227,00;8,27;8,27;8,31;;115,50;102,75;109,75;3,48;3,91;nan;-326,50;30,25;nan;328,32;328,69;NaN;-81,62;7,56;82,08;82,17;1,00;-0,99;-0,99;
1.3.2015 12:30;000,0;128,6;;;;;21381;1456031;5509;160785;62;700;0;0;0;0;0;0;0;;-64,25;-57,25;-60,50;3,25;2,75;9,00;13967,00;12432,00;13192,00;4,62;4,63;4,65;;64,50;57,50;61,25;4,65;4,60;3,21;-182,50;15,25;12,46;183,43;183,65;5,63;-45,62;3,81;45,86;45,91;1,00;-0,99;-0,99;
1.3.2015 12:45;000,0;086,0;;;;;21381;1456053;5509;160787;62;700;0;0;0;0;0;0;0;;-54,25;-48,25;-50,75;2,75;2,25;7,50;13973,00;12413,00;13166,00;3,90;3,91;3,92;;54,50;48,25;51,50;4,43;nan;4,52;-153,75;13,00;nan;154,58;154,76;NaN;-38,44;3,25;38,65;38,69;1,00;-0,99;-0,99;
1.3.2015 13:00;000,0;041,0;;;;;21381;1456063;5509;160788;62;700;0;0;0;0;0;0;0;;-21,50;-19,25;-20,00;1,00;0,50;2,50;13916,00;12410,00;13191,00;1,55;1,55;1,54;;21,50;19,25;20,25;nan;nan;1,95;-61,00;4,25;nan;61,32;61,38;NaN;-15,25;1,06;15,33;15,35;1,00;-0,99;-0,99;
1.3.2015 13:15;000,0;021,7;;;;;21381;1456068;5509;160788;62;700;0;0;0;0;0;0;0;;-14,25;-12,50;-13,00;0,75;0,50;2,00;13906,00;12381,00;13160,00;1,03;1,02;1,01;;14,25;12,50;13,25;nan;nan;1,60;-40,00;3,25;nan;40,44;40,48;NaN;-10,00;0,81;10,11;10,12;1,00;-0,99;-0,99;
1.3.2015 13:30;000,0;015,4;;;;;21381;1456072;5509;160789;62;700;0;0;0;0;0;0;0;;-10,25;-9,00;-9,25;0,75;0,50;1,50;13944,00;12394,00;13160,00;0,74;0,75;0,72;;10,25;9,00;9,50;nan;nan;1,56;-28,75;3,00;nan;29,13;29,17;NaN;-7,19;0,75;7,28;7,29;0,99;-0,99;-0,99;
1.3.2015 13:45;000,0;016,4;;;;;21381;1456076;5509;160789;62;700;0;0;0;0;0;0;0;;-18,00;-16,00;-16,50;0,75;0,50;2,25;13898,00;12403,00;13160,00;1,30;1,30;1,28;;18,00;16,00;16,75;nan;nan;1,80;-50,75;4,00;nan;51,04;51,09;NaN;-12,69;1,00;12,76;12,77;1,00;-0,99;-0,99;
1.3.2015 14:00;000,0;016,9;;;;;21381;1456081;5509;160789;62;700;0;0;0;0;0;0;0;;-17,00;-15,00;-15,75;0,75;0,50;2,25;13909,00;12430,00;13202,00;1,23;1,22;1,21;;17,00;15,00;15,75;nan;nan;nan;-47,75;3,75;nan;48,21;48,26;NaN;-11,94;0,94;12,05;12,06;1,00;-0,99;-0,99;
1.3.2015 14:15;000,0;018,5;;;;;21381;1456085;5509;160790;62;700;0;0;0;0;0;0;0;;-23,75;-21,25;-22,00;1,25;0,50;3,00;13935,00;12461,00;13221,00;1,71;1,71;1,70;;23,75;21,25;22,25;nan;nan;1,44;-67,25;5,00;nan;67,71;67,78;NaN;-16,81;1,25;16,93;16,95;1,00;-0,99;-0,99;
1.3.2015 14:30;000,0;015,6;;;;;21381;1456089;5509;160790;62;700;0;0;0;0;0;0;0;;-10,75;-9,75;-9,75;0,75;0,50;1,50;13922,00;12437,00;13218,00;0,79;0,79;0,76;;10,75;9,75;10,00;nan;nan;1,64;-30,50;3,00;nan;30,87;30,91;NaN;-7,62;0,75;7,72;7,73;1,00;-0,99;-0,99;
1.3.2015 14:45;000,0;014,5;;;;;21381;1456093;5509;160790;62;700;0;0;0;0;0;0;0;;-11,25;-10,00;-10,25;0,75;0,50;1,50;13929,00;12415,00;13187,00;0,82;0,82;0,80;;11,25;10,00;10,50;nan;nan;1,71;-31,75;3,00;nan;32,22;32,26;NaN;-7,94;0,75;8,05;8,06;1,00;-0,99;-0,98;
1.3.2015 15:00;000,0;010,3;;;;;21381;1456095;5509;160791;62;700;0;0;0;0;0;0;0;;-5,50;-5,00;-4,75;0,75;0,50;1,00;13905,00;12425,00;13214,00;0,41;0,41;0,40;;5,50;5,00;5,00;nan;nan;1,20;-15,50;2,75;nan;16,11;16,13;NaN;-3,88;0,69;4,03;4,03;0,98;-0,96;-0,96;
1.3.2015 15:15;000,0;006,5;;;;;21381;1456097;5509;160791;62;700;0;0;0;0;0;0;0;;-6,50;-5,75;-5,50;0,75;0,00;1,00;13885,00;12420,00;13177,00;0,48;0,48;0,45;;6,50;5,75;5,75;nan;0,00;1,35;-18,00;2,00;nan;18,52;18,55;NaN;-4,50;0,50;4,63;4,64;0,99;-0,97;-0,97;
1.3.2015 15:30;000,0;006,8;;;;;21381;1456099;5509;160791;62;700;0;0;0;0;0;0;0;;-4,75;-4,25;-4,00;0,75;0,50;1,00;13883,00;12435,00;13191,00;0,36;0,36;0,34;;5,00;4,25;4,50;1,37;nan;1,80;-13,25;2,50;nan;14,00;14,01;NaN;-3,31;0,62;3,50;3,50;0,98;-0,95;-0,95;
1.3.2015 15:45;000,0;003,9;;;;;21381;1456100;5509;160791;62;700;0;0;0;0;0;0;0;;-2,75;-2,25;-2,00;0,75;0,00;1,00;13865,00;12421,00;13161,00;0,23;0,20;0,19;;3,00;2,50;2,50;0,94;1,09;1,12;-7,25;1,75;3,14;8,14;8,15;0,94;-1,81;0,44;2,03;2,04;0,97;-0,89;-0,89;
1.3.2015 16:00;000,0;003,1;;;;;21381;1456100;5509;160792;62;700;0;0;0;0;0;0;0;;-2,25;-2,00;-1,75;1,00;0,00;0,75;13850,00;12406,00;13151,00;0,20;0,19;0,16;;2,75;2,25;2,00;1,22;1,03;0,61;-6,25;1,75;2,87;7,20;7,22;1,36;-1,56;0,44;1,80;1,81;0,96;-0,87;-0,87;
1.3.2015 16:15;000,0;001,7;;;;;21381;1456101;5509;160792;62;700;0;0;0;0;0;0;0;;-0,50;-0,25;0,00;0,75;0,00;0,50;13810,00;12394,00;13152,00;0,11;0,10;0,09;;1,50;1,25;1,25;1,20;1,22;1,15;-1,00;1,50;3,57;4,07;4,08;0,81;-0,25;0,38;1,02;1,02;0,07;-0,25;-0,25;
1.3.2015 16:30;000,0;000,8;;;;;21381;1456101;5509;160792;62;700;0;0;0;0;0;0;0;;-0,50;-0,50;0,00;0,75;0,00;0,50;13840,00;12381,00;13148,00;0,12;0,11;0,09;;1,50;1,25;1,25;1,20;1,15;1,15;-1,25;1,50;3,49;4,23;4,25;1,44;-0,31;0,38;1,06;1,06;0,36;-0,30;-0,29;
1.3.2015 16:45;000,0;001,3;;;;;21381;1456101;5509;160792;62;700;0;0;0;0;0;0;0;;-3,25;-2,75;-2,50;0,75;0,00;1,00;13819,00;12394,00;13159,00;0,25;0,24;0,23;;3,50;3,00;2,75;1,06;1,20;0,56;-8,75;1,75;2,82;9,46;9,47;1,45;-2,19;0,44;2,36;2,37;0,98;-0,93;-0,92;
1.3.2015 17:00;000,0;002,7;;;;;21381;1456102;5509;160792;62;700;0;0;0;0;0;0;0;;-0,50;-0,50;0,00;0,75;0,00;0,50;13884,00;12381,00;13113,00;0,11;0,11;0,09;;1,50;1,25;1,00;1,20;1,15;0,87;-1,25;1,50;3,21;4,11;4,12;1,69;-0,31;0,38;1,03;1,03;0,36;-0,30;-0,30;
1.3.2015 17:15;000,0;000,2;;;;;21381;1456102;5509;160792;62;700;0;0;0;0;0;0;0;;0,25;0,25;0,50;0,75;0,50;0,50;13845,00;12357,00;13067,00;0,10;0,10;0,10;;1,25;1,25;1,25;0,97;1,12;1,03;1,00;2,00;3,12;3,96;3,96;1,00;0,25;0,50;0,99;0,99;-0,42;0,25;0,25;
1.3.2015 17:30;000,8;000,0;;;;;21381;1456102;5509;160792;62;700;0;0;0;0;0;0;0;;0,25;0,25;0,75;0,00;0,00;0,00;13875,00;12399,00;13104,00;0,03;0,04;0,06;;0,25;0,50;0,75;0,00;0,43;0,00;1,50;0,00;0,43;1,76;1,82;0,93;0,38;0,00;0,44;0,45;1,00;0,85;0,82;
1.3.2015 17:45;000,7;000,0;;;;;21381;1456102;5509;160792;62;700;0;0;0;0;0;0;0;;0,50;0,50;1,25;0,00;-0,25;0,00;13834,00;12386,00;13107,00;0,05;0,07;0,11;;0,50;0,75;1,25;0,00;0,50;0,00;2,50;-0,25;0,50;3,00;3,17;1,86;0,62;-0,06;0,75;0,79;1,00;0,83;0,79;
1.3.2015 18:00;000,7;000,0;;;;;21381;1456102;5509;160792;62;700;0;0;0;0;0;0;0;;0,25;0,25;0,75;0,00;0,00;0,00;13916,00;12403,00;13086,00;0,03;0,04;0,06;;0,25;0,50;0,75;0,00;0,43;0,00;1,50;0,00;0,43;1,76;1,82;0,94;0,38;0,00;0,44;0,46;1,00;0,85;0,82;
1.3.2015 18:15;000,7;000,0;;;;;21382;1456102;5509;160792;62;700;0;0;0;0;0;0;0;;0,25;0,25;0,75;0,00;0,00;0,00;13863,00;12391,00;13073,00;0,03;0,04;0,06;;0,25;0,50;0,75;0,00;0,43;0,00;1,50;0,00;0,43;1,76;1,82;0,93;0,38;0,00;0,44;0,45;1,00;0,85;0,83;
1.3.2015 18:30;000,7;000,0;;;;;21382;1456102;5509;160792;62;700;0;0;0;0;0;0;0;;0,25;0,25;0,75;0,00;0,00;0,00;13833,00;12422,00;13128,00;0,03;0,04;0,06;;0,25;0,50;0,75;0,00;0,43;0,00;1,50;0,00;0,43;1,76;1,82;0,93;0,38;0,00;0,44;0,45;1,00;0,85;0,82;
1.3.2015 18:45;000,7;000,0;;;;;21382;1456102;5509;160792;62;700;0;0;0;0;0;0;0;;0,25;0,50;0,75;0,00;0,00;0,00;13844,00;12430,00;13142,00;0,03;0,04;0,06;;0,25;0,50;0,75;0,00;0,00;0,00;1,50;0,00;0,00;1,76;1,82;1,03;0,38;0,00;0,44;0,46;1,00;0,85;0,82;
1.3.2015 19:00;000,8;000,0;;;;;21382;1456102;5509;160792;62;700;0;0;0;0;0;0;0;;0,25;0,25;0,75;0,00;0,00;0,00;13838,00;12443,00;13137,00;0,03;0,04;0,06;;0,25;0,50;0,75;0,00;0,43;0,00;1,50;0,00;0,43;1,77;1,82;0,94;0,38;0,00;0,44;0,46;1,00;0,85;0,82;
1.3.2015 19:15;000,7;000,0;;;;;21382;1456102;5509;160792;62;700;0;0;0;0;0;0;0;;0,50;0,50;1,25;0,00;0,00;0,00;13866,00;12435,00;13119,00;0,05;0,07;0,11;;0,50;0,75;1,25;0,00;0,56;0,00;2,50;0,00;0,56;3,01;3,17;1,87;0,62;0,00;0,75;0,79;1,00;0,83;0,79;
1.3.2015 19:30;000,7;000,0;;;;;21383;1456102;5509;160792;62;700;0;0;0;0;0;0;0;;0,25;0,25;0,75;0,00;0,00;0,00;13843,00;12443,00;13128,00;0,03;0,04;0,06;;0,25;0,50;0,75;0,00;0,43;0,00;1,50;0,00;0,43;1,76;1,82;0,94;0,38;0,00;0,44;0,46;1,00;0,85;0,82;
1.3.2015 19:45;000,7;000,0;;;;;21383;1456102;5509;160792;62;700;0;0;0;0;0;0;0;;0,25;0,25;0,75;0,00;0,00;0,00;13871,00;12446,00;13095,00;0,03;0,04;0,06;;0,25;0,50;0,75;0,00;0,43;0,00;1,50;0,00;0,43;1,76;1,82;0,94;0,38;0,00;0,44;0,46;1,00;0,85;0,82;
1.3.2015 20:00;000,8;000,0;;;;;21383;1456102;5509;160792;62;700;0;0;0;0;0;0;0;;0,25;0,50;0,75;0,00;0,00;0,00;13860,00;12458,00;13092,00;0,03;0,04;0,06;;0,25;0,50;0,75;0,00;0,00;0,00;1,50;0,00;0,00;1,76;1,82;1,03;0,38;0,00;0,44;0,46;1,00;0,85;0,82;
1.3.2015 20:15;000,7;000,0;;;;;21383;1456102;5509;160792;62;700;0;0;0;0;0;0;0;;0,25;0,25;0,75;0,00;0,00;0,00;13826,00;12473,00;13083,00;0,03;0,04;0,06;;0,25;0,50;0,75;0,00;0,43;0,00;1,50;0,00;0,43;1,76;1,82;0,93;0,38;0,00;0,44;0,45;1,00;0,85;0,82;
1.3.2015 20:30;000,8;000,0;;;;;21383;1456102;5509;160792;62;700;0;0;0;0;0;0;0;;0,25;0,25;0,75;0,00;0,00;0,00;13879,00;12482,00;13044,00;0,03;0,04;0,06;;0,25;0,50;0,75;0,00;0,43;0,00;1,50;0,00;0,43;1,76;1,82;0,94;0,38;0,00;0,44;0,45;1,00;0,85;0,82;
1.3.2015 20:45;000,7;000,0;;;;;21383;1456102;5509;160792;62;700;0;0;0;0;0;0;0;;0,25;0,50;0,75;0,00;0,00;0,00;13889,00;12478,00;13081,00;0,03;0,04;0,06;;0,25;0,50;0,75;0,00;0,00;0,00;1,50;0,00;0,00;1,77;1,82;1,03;0,38;0,00;0,44;0,46;1,00;0,85;0,82;
1.3.2015 21:00;000,8;000,0;;;;;21384;1456102;5509;160792;62;700;0;0;0;0;0;0;0;;0,25;0,50;0,75;0,00;0,00;0,00;13859,00;12479,00;13132,00;0,03;0,04;0,06;;0,25;0,50;0,75;0,00;0,00;0,00;1,50;0,00;0,00;1,77;1,82;1,04;0,38;0,00;0,44;0,46;1,00;0,85;0,82;
1.3.2015 21:15;000,7;000,0;;;;;21384;1456102;5509;160792;62;700;0;0;0;0;0;0;0;;0,25;0,25;0,75;0,00;0,00;0,00;13898,00;12469,00;13095,00;0,03;0,04;0,06;;0,25;0,50;0,75;0,00;0,43;0,00;1,50;0,00;0,43;1,77;1,82;0,94;0,38;0,00;0,44;0,46;1,00;0,85;0,82;
1.3.2015 21:30;000,8;000,0;;;;;21384;1456102;5509;160792;62;700;0;0;0;0;0;0;0;;0,25;0,50;0,75;0,00;0,00;0,00;13888,00;12481,00;13104,00;0,03;0,04;0,06;;0,25;0,50;0,75;0,00;0,00;0,00;1,50;0,00;0,00;1,77;1,82;1,04;0,38;0,00;0,44;0,46;1,00;0,85;0,82;
1.3.2015 21:45;000,7;000,0;;;;;21384;1456102;5509;160792;62;700;0;0;0;0;0;0;0;;0,25;0,50;0,75;0,00;0,00;0,00;13877,00;12471,00;13128,00;0,03;0,04;0,06;;0,25;0,50;0,75;0,00;0,00;0,00;1,50;0,00;0,00;1,77;1,82;1,04;0,38;0,00;0,44;0,46;1,00;0,85;0,82;
1.3.2015 22:00;000,7;000,0;;;;;21384;1456102;5509;160792;62;700;0;0;0;0;0;0;0;;0,25;0,50;0,75;0,00;0,00;0,00;13819,00;12492,00;13137,00;0,03;0,04;0,06;;0,25;0,50;0,75;0,00;0,00;0,00;1,50;0,00;0,00;1,77;1,82;1,03;0,38;0,00;0,44;0,46;1,00;0,85;0,82;
1.3.2015 22:15;000,9;000,0;;;;;21385;1456102;5509;160792;62;700;0;0;0;0;0;0;0;;0,25;0,50;0,75;0,00;0,00;0,00;13896,00;12536,00;13129,00;0,03;0,04;0,06;;0,25;0,50;0,75;0,00;0,00;0,00;1,50;0,00;0,00;1,77;1,83;1,04;0,38;0,00;0,44;0,46;1,00;0,85;0,82;
1.3.2015 22:30;000,7;000,0;;;;;21385;1456102;5509;160792;62;700;0;0;0;0;0;0;0;;0,25;0,50;0,75;0,00;0,00;0,00;13878,00;12530,00;13101,00;0,03;0,04;0,06;;0,25;0,50;0,75;0,00;0,00;0,00;1,50;0,00;0,00;1,77;1,82;1,04;0,38;0,00;0,44;0,46;1,00;0,85;0,82;
1.3.2015 22:45;000,8;000,0;;;;;21385;1456102;5509;160792;62;700;0;0;0;0;0;0;0;;0,25;0,50;0,75;0,00;0,00;0,00;13895,00;12538,00;13109,00;0,03;0,04;0,06;;0,25;0,50;0,75;0,00;0,00;0,00;1,50;0,00;0,00;1,77;1,83;1,04;0,38;0,00;0,44;0,46;1,00;0,85;0,82;
1.3.2015 23:00;000,8;000,0;;;;;21385;1456102;5509;160792;62;700;0;0;0;0;0;0;0;;0,50;0,50;1,25;0,00;0,00;0,00;13946,00;12585,00;13184,00;0,05;0,07;0,11;;0,75;0,75;1,25;0,56;0,56;0,00;2,75;0,00;1,12;3,03;3,20;1,19;0,69;0,00;0,76;0,80;1,00;0,91;0,86;
1.3.2015 23:15;000,8;000,0;;;;;21385;1456102;5509;160792;62;700;0;0;0;0;0;0;0;;0,25;0,50;0,75;0,00;0,00;0,00;13918,00;12577,00;13175,00;0,03;0,04;0,06;;0,25;0,50;0,75;0,00;0,00;0,00;1,50;0,00;0,00;1,78;1,83;1,05;0,38;0,00;0,44;0,46;1,00;0,84;0,82;
1.3.2015 23:30;000,7;000,0;;;;;21386;1456102;5509;160792;62;700;0;0;0;0;0;0;0;;0,25;0,50;0,75;0,00;0,00;0,00;13931,00;12596,00;13185,00;0,04;0,04;0,06;;0,25;0,50;0,75;0,00;0,00;0,00;1,50;0,00;0,00;1,81;1,86;1,10;0,38;0,00;0,45;0,46;1,00;0,83;0,81;
1.3.2015 23:45;000,8;000,0;;;;;21386;1456102;5509;160792;62;700;0;0;0;0;0;0;0;;0,25;0,50;0,75;0,00;0,00;0,00;13957,00;12584,00;13157,00;0,03;0,04;0,06;;0,25;0,50;0,75;0,00;0,00;0,00;1,50;0,00;0,00;1,78;1,83;1,05;0,38;0,00;0,44;0,46;1,00;0,84;0,82;
2.3.2015 00:00;000,8;000,0;;;;;21386;1456102;5509;160792;62;700;0;0;0;0;0;0;0;;0,25;0,50;0,75;0,00;0,00;0,00;13977,00;12562,00;13176,00;0,03;0,04;0,06;;0,25;0,50;0,75;0,00;0,00;0,00;1,50;0,00;0,00;1,78;1,83;1,06;0,38;0,00;0,44;0,46;1,00;0,84;0,82;
2.3.2015 00:15;000,8;000,0;;;;;21386;1456102;5509;160792;62;700;0;0;0;0;0;0;0;;0,50;0,50;1,25;0,00;0,00;0,00;13938,00;12533,00;13186,00;0,05;0,07;0,11;;0,75;0,75;1,25;0,56;0,56;0,00;2,75;0,00;1,12;3,03;3,19;1,18;0,69;0,00;0,76;0,80;1,00;0,91;0,86;
2.3.2015 00:30;000,8;000,0;;;;;21386;1456102;5509;160792;62;700;0;0;0;0;0;0;0;;0,25;0,50;0,75;0,00;0,00;0,00;13981,00;12558,00;13205,00;0,03;0,04;0,06;;0,25;0,50;0,75;0,00;0,00;0,00;1,50;0,00;0,00;1,78;1,84;1,06;0,38;0,00;0,44;0,46;1,00;0,84;0,82;
2.3.2015 00:45;000,8;000,0;;;;;21387;1456102;5509;160792;62;700;0;0;0;0;0;0;0;;0,25;0,50;0,75;0,00;0,00;0,00;14015,00;12568,00;13219,00;0,03;0,04;0,06;;0,25;0,50;0,75;0,00;0,00;0,00;1,50;0,00;0,00;1,78;1,84;1,06;0,38;0,00;0,45;0,46;1,00;0,84;0,82;
2.3.2015 01:00;000,8;000,0;;;;;21387;1456102;5509;160792;62;700;0;0;0;0;0;0;0;;0,25;0,50;0,75;0,00;0,00;0,00;13963,00;12542,00;13224,00;0,03;0,04;0,06;;0,25;0,50;0,75;0,00;0,00;0,00;1,50;0,00;0,00;1,78;1,83;1,06;0,38;0,00;0,44;0,46;1,00;0,84;0,82;
2.3.2015 01:15;000,8;000,0;;;;;21387;1456102;5509;160792;62;700;0;0;0;0;0;0;0;;0,50;0,50;1,25;0,00;0,00;0,00;13956,00;12566,00;13259,00;0,05;0,07;0,11;;0,75;0,75;1,25;0,56;0,56;0,00;2,75;0,00;1,12;3,04;3,20;1,20;0,69;0,00;0,76;0,80;1,00;0,90;0,86;
2.3.2015 01:30;000,8;000,0;;;;;21387;1456102;5509;160792;62;700;0;0;0;0;0;0;0;;0,25;0,50;0,75;0,00;0,00;0,00;14024,00;12570,00;13219,00;0,03;0,04;0,06;;0,25;0,50;0,75;0,00;0,00;0,00;1,50;0,00;0,00;1,78;1,84;1,06;0,38;0,00;0,45;0,46;1,00;0,84;0,82;
2.3.2015 01:45;000,8;000,0;;;;;21387;1456102;5509;160792;62;700;0;0;0;0;0;0;0;;0,25;0,50;0,75;0,00;0,00;0,00;13996,00;12555,00;13224,00;0,03;0,04;0,06;;0,25;0,50;0,75;0,00;0,00;0,00;1,50;0,00;0,00;1,78;1,84;1,06;0,38;0,00;0,45;0,46;1,00;0,84;0,82;
2.3.2015 02:00;000,8;000,0;;;;;21388;1456102;5509;160792;62;700;0;0;0;0;0;0;0;;0,25;0,50;0,75;0,00;0,00;0,00;13989,00;12585,00;13265,00;0,03;0,04;0,06;;0,25;0,50;0,75;0,00;0,00;0,00;1,50;0,00;0,00;1,78;1,84;1,07;0,38;0,00;0,45;0,46;1,00;0,84;0,82;
2.3.2015 02:15;000,8;000,0;;;;;21388;1456102;5509;160792;62;700;0;0;0;0;0;0;0;;0,25;0,50;0,75;0,00;0,00;0,00;14006,00;12573,00;13248,00;0,03;0,04;0,06;;0,25;0,50;0,75;0,00;0,00;0,00;1,50;0,00;0,00;1,78;1,84;1,06;0,38;0,00;0,45;0,46;1,00;0,84;0,82;
2.3.2015 02:30;000,8;000,0;;;;;21388;1456102;5509;160792;62;700;0;0;0;0;0;0;0;;0,50;0,50;1,25;0,00;0,00;0,00;14023,00;12576,00;13252,00;0,05;0,07;0,11;;0,75;0,75;1,25;0,56;0,56;0,00;2,75;0,00;1,12;3,11;3,28;1,39;0,69;0,00;0,78;0,82;1,00;0,88;0,84;
2.3.2015 02:45;000,8;000,0;;;;;21388;1456102;5509;160792;62;700;0;0;0;0;0;0;0;;0,25;0,50;0,75;0,00;0,00;0,00;14002,00;12577,00;13255,00;0,03;0,04;0,06;;0,25;0,50;0,75;0,00;0,00;0,00;1,50;0,00;0,00;1,78;1,84;1,07;0,38;0,00;0,45;0,46;1,00;0,84;0,82;
2.3.2015 03:00;000,8;000,0;;;;;21388;1456102;5509;160792;62;700;0;0;0;0;0;0;0;;0,25;0,50;0,75;0,00;0,00;0,00;13974,00;12582,00;13279,00;0,03;0,04;0,06;;0,25;0,50;0,75;0,00;0,00;0,00;1,50;0,00;0,00;1,78;1,84;1,07;0,38;0,00;0,45;0,46;1,00;0,84;0,82;
2.3.2015 03:15;000,8;000,0;;;;;21389;1456102;5509;160792;62;700;0;0;0;0;0;0;0;;0,50;0,50;1,25;0,00;0,00;0,00;13972,00;12564,00;13251,00;0,05;0,07;0,11;;0,75;0,75;1,25;0,56;0,56;0,00;2,75;0,00;1,12;3,11;3,27;1,37;0,69;0,00;0,78;0,82;1,00;0,89;0,84;
2.3.2015 03:30;000,9;000,0;;;;;21389;1456102;5509;160792;62;700;0;0;0;0;0;0;0;;0,25;0,50;0,75;0,00;0,00;0,00;13986,00;12578,00;13248,00;0,03;0,04;0,06;;0,25;0,50;0,75;0,00;0,00;0,00;1,50;0,00;0,00;1,78;1,84;1,06;0,38;0,00;0,45;0,46;1,00;0,84;0,82;
2.3.2015 03:45;000,8;000,0;;;;;21389;1456102;5509;160792;62;700;0;0;0;0;0;0;0;;0,25;0,50;0,75;0,00;0,00;0,00;13965,00;12567,00;13234,00;0,03;0,04;0,06;;0,25;0,50;0,75;0,00;0,00;0,00;1,50;0,00;0,00;1,78;1,84;1,06;0,38;0,00;0,45;0,46;1,00;0,84;0,82;
2.3.2015 04:00;000,8;000,0;;;;;21389;1456102;5509;160792;62;700;0;0;0;0;0;0;0;;0,50;0,50;1,25;0,00;0,00;0,00;13930,00;12558,00;13240,00;0,05;0,07;0,11;;0,75;0,75;1,25;0,56;0,56;0,00;2,75;0,00;1,12;3,07;3,22;1,25;0,69;0,00;0,77;0,81;1,00;0,90;0,85;
2.3.2015 04:15;000,8;000,0;;;;;21389;1456102;5509;160792;62;700;0;0;0;0;0;0;0;;0,50;0,50;1,25;0,00;0,00;0,00;13938,00;12541,00;13216,00;0,05;0,07;0,11;;0,75;0,75;1,25;0,56;0,56;0,00;2,75;0,00;1,12;3,03;3,20;1,18;0,69;0,00;0,76;0,80;1,00;0,91;0,86;
2.3.2015 04:30;000,8;000,0;;;;;21390;1456102;5509;160792;62;700;0;0;0;0;0;0;0;;0,25;0,50;0,75;0,00;0,00;0,00;13962,00;12543,00;13216,00;0,03;0,04;0,06;;0,25;0,50;0,75;0,00;0,00;0,00;1,50;0,00;0,00;1,78;1,83;1,06;0,38;0,00;0,44;0,46;1,00;0,84;0,82;
2.3.2015 04:45;000,9;000,0;;;;;21390;1456102;5509;160792;62;700;0;0;0;0;0;0;0;;0,50;1,00;1,50;0,00;0,00;0,00;13956,00;12534,00;13221,00;0,05;0,09;0,12;;0,75;1,00;1,50;0,56;0,00;0,00;3,25;0,00;0,56;3,45;3,62;1,50;0,81;0,00;0,86;0,91;1,00;0,94;0,90;
2.3.2015 05:00;001,0;000,0;;;;;21390;1456102;5509;160792;62;700;0;0;0;0;0;0;0;;0,50;0,75;0,75;0,00;0,00;0,00;13966,00;12517,00;13172,00;0,04;0,07;0,06;;0,50;0,75;0,75;0,00;0,00;0,00;2,25;0,00;0,00;2,29;2,37;0,76;0,56;0,00;0,57;0,59;1,00;0,98;0,95;
2.3.2015 05:15;000,9;000,0;;;;;21390;1456102;5509;160792;62;700;0;0;0;0;0;0;0;;0,25;0,50;0,75;0,00;0,00;0,00;13953,00;12523,00;13173,00;0,03;0,04;0,06;;0,25;0,50;0,75;0,00;0,00;0,00;1,50;0,00;0,00;1,77;1,83;1,05;0,38;0,00;0,44;0,46;1,00;0,85;0,82;
2.3.2015 05:30;000,8;000,0;;;;;21390;1456102;5509;160792;62;700;0;0;0;0;0;0;0;;0,25;0,50;0,75;0,00;0,00;0,00;13940,00;12518,00;13190,00;0,03;0,04;0,06;;0,25;0,50;0,75;0,00;0,00;0,00;1,50;0,00;0,00;1,77;1,83;1,05;0,38;0,00;0,44;0,46;1,00;0,85;0,82;
2.3.2015 05:45;000,8;000,0;;;;;21391;1456102;5509;160792;62;700;0;0;0;0;0;0;0;;0,25;0,50;0,75;0,00;0,00;0,00;13886,00;12520,00;13198,00;0,03;0,04;0,06;;0,25;0,50;0,75;0,00;0,00;0,00;1,50;0,00;0,00;1,77;1,83;1,05;0,38;0,00;0,44;0,46;1,00;0,85;0,82;
2.3.2015 06:00;000,9;000,0;;;;;21391;1456102;5509;160792;62;700;0;0;0;0;0;0;0;;0,50;1,00;1,50;0,00;0,00;0,00;13886,00;12463,00;13133,00;0,05;0,09;0,12;;0,75;1,00;1,50;0,56;0,00;0,00;3,25;0,00;0,56;3,39;3,58;1,40;0,81;0,00;0,85;0,90;1,00;0,96;0,91;
2.3.2015 06:15;001,0;000,0;;;;;21391;1456102;5509;160792;62;700;0;0;0;0;0;0;0;;0,50;0,75;0,75;0,00;0,00;0,00;13793,00;12373,00;13040,00;0,04;0,07;0,06;;0,50;0,75;0,75;0,00;0,00;0,00;2,00;0,00;0,00;2,23;2,31;1,15;0,50;0,00;0,56;0,58;1,00;0,90;0,87;
2.3.2015 06:30;001,1;000,0;;;;;21391;1456102;5509;160792;62;700;0;0;0;0;0;0;0;;0,50;0,75;0,75;0,00;0,00;0,00;13795,00;12347,00;12956,00;0,04;0,07;0,06;;0,50;0,75;0,75;0,00;0,00;0,00;2,00;0,00;0,00;2,23;2,30;1,14;0,50;0,00;0,56;0,58;1,00;0,90;0,87;
2.3.2015 06:45;001,0;000,0;;;;;21392;1456102;5509;160792;62;700;0;0;0;0;0;0;0;;0,50;0,75;0,75;0,00;0,00;0,00;13832,00;12462,00;13067,00;0,04;0,07;0,06;;0,50;0,75;0,75;0,00;0,00;0,00;2,00;0,00;0,00;2,27;2,36;1,24;0,50;0,00;0,57;0,59;1,00;0,88;0,85;
2.3.2015 07:00;001,0;000,0;;;;;21392;1456102;5509;160792;62;700;0;0;0;0;0;0;0;;0,50;0,75;0,75;0,00;0,00;0,00;13872,00;12496,00;13100,00;0,04;0,07;0,06;;0,50;0,75;0,75;0,00;0,00;0,00;2,00;0,00;0,00;2,28;2,36;1,26;0,50;0,00;0,57;0,59;1,00;0,88;0,85;
2.3.2015 07:15;000,4;000,1;;;;;21392;1456102;5510;160793;62;700;0;0;0;0;0;0;0;;-0,75;-0,50;-0,50;0,50;0,50;0,75;13816,00;12457,00;13081,00;0,11;0,09;0,10;;1,50;1,00;1,25;1,20;0,71;0,87;-2,00;2,00;2,77;4,04;4,04;0,81;-0,50;0,50;1,01;1,01;0,54;-0,49;-0,49;
2.3.2015 07:30;000,1;000,6;;;;;21392;1456102;5511;160793;62;700;0;0;0;0;0;0;0;;-1,50;-1,00;-0,50;1,00;0,00;1,00;13848,00;12469,00;13078,00;0,14;0,10;0,10;;2,00;1,25;1,25;0,87;0,75;0,56;-3,00;2,00;2,18;4,63;4,67;2,01;-0,75;0,50;1,16;1,17;0,79;-0,65;-0,64;
2.3.2015 07:45;000,0;002,7;;;;;21392;1456103;5511;160793;62;700;0;0;0;0;0;0;0;;-6,00;-5,00;-4,75;1,00;0,00;1,25;13841,00;12508,00;13059,00;0,46;0,42;0,40;;6,25;5,25;5,00;1,44;1,60;0,94;-16,00;2,25;3,97;16,78;16,79;2,26;-4,00;0,56;4,19;4,20;0,99;-0,95;-0,95;
2.3.2015 08:00;000,0;005,3;;;;;21392;1456104;5511;160793;62;700;0;0;0;0;0;0;0;;-2,50;-1,75;-1,50;0,75;0,00;1,00;13871,00;12540,00;13101,00;0,21;0,16;0,16;;2,75;2,00;2,00;0,87;0,97;0,87;-5,75;2,00;2,70;7,04;7,07;2,37;-1,44;0,50;1,76;1,77;0,94;-0,82;-0,81;
2.3.2015 08:15;000,0;002,8;;;;;21392;1456105;5511;160794;62;700;0;0;0;0;0;0;0;;-3,75;-2,75;-3,00;0,50;0,50;1,25;13791,00;12471,00;13020,00;0,28;0,25;0,27;;3,75;3,00;3,50;nan;1,09;1,30;-9,75;2,50;nan;10,53;10,53;NaN;-2,44;0,62;2,63;2,63;0,97;-0,93;-0,93;
2.3.2015 08:30;000,0;006,1;;;;;21392;1456106;5511;160794;62;700;0;0;0;0;0;0;0;;-6,50;-5,50;-5,75;0,50;0,50;1,25;13772,00;12492,00;12988,00;0,49;0,46;0,48;;6,75;5,75;6,00;1,75;1,60;1,17;-18,25;2,50;4,52;18,76;18,76;NaN;-4,56;0,62;4,69;4,69;0,99;-0,97;-0,97;
2.3.2015 08:45;000,0;009,3;;;;;21392;1456109;5511;160794;62;700;0;0;0;0;0;0;0;;-11,25;-9,75;-9,75;1,00;0,00;1,75;13766,00;12430,00;12972,00;0,83;0,79;0,77;;11,25;9,75;9,75;nan;0,00;nan;-30,75;3,00;nan;31,10;31,11;NaN;-7,69;0,75;7,78;7,78;1,00;-0,99;-0,99;
2.3.2015 09:00;000,0;010,8;;;;;21392;1456111;5511;160794;62;700;0;0;0;0;0;0;0;;-7,25;-6,00;-6,25;0,75;0,25;1,50;13796,00;12389,00;12991,00;0,54;0,51;0,52;;7,25;6,25;6,75;nan;1,73;2,06;-20,00;2,75;nan;20,46;20,46;NaN;-5,00;0,69;5,11;5,12;0,99;-0,98;-0,98;
2.3.2015 09:15;000,0;008,0;;;;;21392;1456113;5511;160795;62;700;0;0;0;0;0;0;0;;-6,25;-5,25;-5,50;0,50;0,00;1,25;13799,00;12396,00;12935,00;0,47;0,44;0,46;;6,50;5,50;5,75;1,71;1,64;1,12;-17,25;2,00;4,47;17,95;17,96;0,96;-4,31;0,50;4,49;4,49;0,99;-0,96;-0,96;
2.3.2015 09:30;000,0;003,6;;;;;21392;1456114;5511;160795;62;700;0;0;0;0;0;0;0;;-3,75;-2,75;-3,00;0,50;0,50;1,25;13790,00;12435,00;12953,00;0,29;0,26;0,28;;3,75;3,00;3,50;nan;1,09;1,30;-10,00;2,50;nan;10,79;10,80;NaN;-2,50;0,62;2,70;2,70;0,97;-0,93;-0,93;
2.3.2015 09:45;000,0;006,2;;;;;21392;1456116;5511;160795;62;700;0;0;0;0;0;0;0;;-5,25;-4,50;-4,50;0,75;0,50;1,25;13769,00;12448,00;12921,00;0,39;0,38;0,38;;5,25;4,50;4,75;nan;nan;0,87;-14,25;2,75;nan;15,01;15,02;NaN;-3,56;0,69;3,75;3,75;0,98;-0,95;-0,95;
2.3.2015 10:00;000,0;003,7;;;;;21392;1456117;5511;160795;62;700;0;0;0;0;0;0;0;;-4,75;-4,25;-4,25;0,75;0,50;1,00;13753,00;12466,00;12950,00;0,38;0,37;0,35;;5,00;4,50;4,50;1,37;1,39;1,09;-13,50;2,50;3,85;14,27;14,28;0,77;-3,38;0,62;3,57;3,57;0,98;-0,95;-0,95;
2.3.2015 10:15;000,0;007,2;;;;;21392;1456119;5511;160796;62;700;0;0;0;0;0;0;0;;-10,00;-8,75;-9,25;0,75;0,50;1,50;13784,00;12431,00;12971,00;0,74;0,72;0,74;;10,00;9,00;9,50;nan;2,05;1,56;-28,25;3,00;nan;28,78;28,80;NaN;-7,06;0,75;7,19;7,20;0,99;-0,98;-0,98;
2.3.2015 10:30;000,0;014,9;;;;;21392;1456122;5511;160796;62;700;0;0;0;0;0;0;0;;-18,25;-16,00;-16,75;0,75;0,50;2,50;13880,00;12420,00;13036,00;1,32;1,30;1,32;;18,25;16,00;17,00;nan;nan;1,48;-51,25;4,00;nan;51,71;51,75;NaN;-12,81;1,00;12,93;12,94;1,00;-0,99;-0,99;
2.3.2015 10:45;000,0;026,4;;;;;21392;1456129;5511;160797;62;700;0;0;0;0;0;0;0;;-19,75;-17,25;-18,25;0,75;0,50;2,75;13892,00;12406,00;13090,00;1,44;1,40;1,42;;20,00;17,25;18,50;3,06;nan;1,27;-55,75;4,25;nan;56,02;56,06;NaN;-13,94;1,06;14,01;14,01;1,00;-1,00;-0,99;
2.3.2015 11:00;000,0;018,2;;;;;21392;1456134;5511;160797;62;700;0;0;0;0;0;0;0;;-15,00;-13,00;-13,75;0,75;0,50;2,25;13824,00;12367,00;13074,00;1,10;1,06;1,08;;15,00;13,00;14,00;nan;nan;1,37;-42,00;3,50;nan;42,34;42,36;NaN;-10,50;0,88;10,58;10,59;1,00;-0,99;-0,99;
2.3.2015 11:15;000,0;024,9;;;;;21392;1456140;5511;160797;62;700;0;0;0;0;0;0;0;;-18,50;-16,25;-17,00;0,75;0,50;2,50;13840,00;12352,00;13027,00;1,35;1,32;1,34;;18,50;16,25;17,25;nan;nan;1,52;-52,00;4,00;nan;52,48;52,51;NaN;-13,00;1,00;13,12;13,13;1,00;-0,99;-0,99;
2.3.2015 11:30;000,0;021,0;;;;;21392;1456145;5511;160798;62;700;0;0;0;0;0;0;0;;-21,25;-18,50;-19,50;0,75;0,50;3,00;13820,00;12364,00;13049,00;1,54;1,51;1,53;;21,25;18,50;19,75;nan;nan;0,90;-59,50;4,50;nan;59,98;60,03;NaN;-14,88;1,12;15,00;15,01;1,00;-0,99;-0,99;
2.3.2015 11:45;000,0;020,1;;;;;21392;1456150;5511;160798;62;700;0;0;0;0;0;0;0;;-14,00;-12,00;-13,00;0,50;0,50;2,00;13821,00;12358,00;13051,00;1,02;0,99;1,01;;14,00;12,00;13,00;nan;nan;nan;-39,25;3,25;nan;39,58;39,60;NaN;-9,81;0,81;9,90;9,90;1,00;-0,99;-0,99;
2.3.2015 12:00;000,0;015,9;;;;;21392;1456154;5511;160799;62;700;0;0;0;0;0;0;0;;-10,25;-9,00;-9,50;0,50;0,50;1,75;13831,00;12378,00;13075,00;0,76;0,73;0,75;;10,25;9,00;9,50;nan;nan;nan;-29,00;3,00;nan;29,28;29,30;NaN;-7,25;0,75;7,32;7,32;0,99;-0,99;-0,99;
2.3.2015 12:15;000,0;013,1;;;;;21392;1456157;5511;160799;62;700;0;0;0;0;0;0;0;;-10,75;-9,25;-9,75;0,50;0,50;1,75;13838,00;12348,00;13041,00;0,78;0,75;0,77;;10,75;9,25;10,00;nan;nan;1,37;-29,75;3,00;nan;30,09;30,11;NaN;-7,44;0,75;7,52;7,53;0,99;-0,99;-0,99;
2.3.2015 12:30;000,0;010,8;;;;;21392;1456160;5511;160799;62;700;0;0;0;0;0;0;0;;-10,25;-9,00;-8,75;1,00;0,00;1,75;13830,00;12359,00;13049,00;0,76;0,73;0,70;;10,25;9,00;9,00;nan;0,00;1,17;-28,25;2,75;nan;28,66;28,69;NaN;-7,06;0,69;7,17;7,17;1,00;-0,99;-0,98;
2.3.2015 12:45;000,0;019,3;;;;;21392;1456165;5511;160800;62;700;0;0;0;0;0;0;0;;-14,75;-12,75;-13,00;1,00;0,00;2,25;13840,00;12370,00;13052,00;1,08;1,04;1,01;;14,75;12,75;13,25;nan;0,00;1,22;-40,50;3,25;nan;40,96;40,99;NaN;-10,12;0,81;10,24;10,25;1,00;-0,99;-0,99;
2.3.2015 13:00;000,0;015,9;;;;;21392;1456169;5511;160800;62;700;0;0;0;0;0;0;0;;-15,00;-13,00;-13,75;0,75;0,50;2,25;13829,00;12333,00;13024,00;1,09;1,07;1,08;;15,00;13,00;14,00;nan;nan;1,37;-41,75;3,50;nan;42,17;42,21;NaN;-10,44;0,88;10,54;10,55;1,00;-0,99;-0,99;
2.3.2015 13:15;000,0;013,0;;;;;21392;1456172;5511;160800;62;700;0;0;0;0;0;0;0;;-11,75;-10,00;-10,75;0,50;0,50;1,75;13819,00;12353,00;13077,00;0,86;0,83;0,84;;11,75;10,25;11,00;nan;2,19;1,54;-32,75;3,00;nan;33,12;33,14;NaN;-8,19;0,75;8,28;8,28;1,00;-0,99;-0,99;
2.3.2015 13:30;000,0;007,9;;;;;21392;1456174;5511;160800;62;700;0;0;0;0;0;0;0;;-5,50;-4,50;-4,75;0,75;0,50;1,25;13842,00;12334,00;13029,00;0,41;0,39;0,40;;5,50;4,75;5,00;nan;1,44;0,94;-15,00;2,75;nan;15,66;15,67;NaN;-3,75;0,69;3,92;3,92;0,98;-0,96;-0,96;
2.3.2015 13:45;000,0;008,3;;;;;21392;1456176;5511;160801;62;700;0;0;0;0;0;0;0;;-9,25;-7,75;-7,75;0,75;0,00;1,50;13816,00;12359,00;13034,00;0,68;0,64;0,62;;9,25;7,75;8,00;nan;0,00;1,30;-25,00;2,50;nan;25,35;25,36;NaN;-6,25;0,62;6,34;6,34;1,00;-0,99;-0,99;
2.3.2015 14:00;000,0;009,9;;;;;21392;1456179;5511;160801;62;700;0;0;0;0;0;0;0;;-11,25;-9,75;-9,75;1,00;0,00;1,75;13864,00;12393,00;13075,00;0,83;0,80;0,77;;11,25;9,75;10,00;nan;0,00;1,37;-31,00;3,00;nan;31,49;31,51;NaN;-7,75;0,75;7,87;7,88;1,00;-0,98;-0,98;
2.3.2015 14:15;000,0;008,7;;;;;21392;1456181;5511;160801;62;700;0;0;0;0;0;0;0;;-7,00;-6,00;-6,25;0,75;0,50;1,25;13819,00;12429,00;13104,00;0,51;0,50;0,50;;7,00;6,00;6,50;nan;nan;1,27;-19,25;2,75;nan;19,85;19,86;NaN;-4,81;0,69;4,96;4,97;0,99;-0,97;-0,97;
2.3.2015 14:30;000,0;002,7;;;;;21392;1456181;5511;160802;62;700;0;0;0;0;0;0;0;;-1,50;-1,00;-0,75;0,75;0,00;0,75;13862,00;12466,00;13034,00;0,14;0,12;0,12;;1,75;1,25;1,50;0,50;0,75;1,06;-3,50;1,75;2,31;5,01;5,01;2,11;-0,88;0,44;1,25;1,25;0,88;-0,70;-0,70;
2.3.2015 14:45;000,0;001,5;;;;;21392;1456182;5511;160802;62;700;0;0;0;0;0;0;0;;-2,25;-1,75;-1,50;0,75;0,00;1,00;13771,00;12570,00;12994,00;0,19;0,16;0,16;;2,50;1,75;2,00;0,79;0,00;0,87;-5,75;1,75;1,66;6,64;6,65;2,31;-1,44;0,44;1,66;1,66;0,95;-0,87;-0,86;
2.3.2015 15:00;000,0;004,4;;;;;21392;1456183;5511;160802;62;700;0;0;0;0;0;0;0;;-5,00;-4,50;-4,25;1,00;0,00;1,00;13776,00;12588,00;12970,00;0,38;0,38;0,36;;5,25;4,50;4,50;1,25;0,00;1,09;-14,00;2,00;2,34;14,69;14,70;3,26;-3,50;0,50;3,67;3,68;0,99;-0,95;-0,95;
2.3.2015 15:15;000,0;007,5;;;;;21392;1456185;5511;160802;62;700;0;0;0;0;0;0;0;;-6,25;-5,50;-5,50;0,75;0,00;1,25;13797,00;12542,00;13016,00;0,47;0,45;0,44;;6,25;5,50;5,75;nan;0,00;1,12;-17,25;2,00;nan;17,88;17,89;NaN;-4,31;0,50;4,47;4,47;0,99;-0,96;-0,96;
2.3.2015 15:30;000,0;003,4;;;;;21392;1456186;5511;160802;62;700;0;0;0;0;0;0;0;;-0,25;-0,25;0,00;0,75;0,00;0,50;13812,00;12501,00;13044,00;0,11;0,10;0,09;;1,50;1,25;1,25;1,27;1,22;1,15;-0,75;1,50;3,65;3,97;3,98;NaN;-0,19;0,38;0,99;0,99;-0,42;-0,19;-0,19;
2.3.2015 15:45;000,0;009,1;;;;;21392;1456188;5511;160803;62;700;0;0;0;0;0;0;0;;-25,75;-23,25;-23,75;1,25;0,50;3,25;13865,00;12513,00;13099,00;1,87;1,86;1,85;;25,75;23,25;24,00;nan;nan;1,17;-73,00;5,25;nan;73,47;73,53;NaN;-18,25;1,31;18,37;18,38;1,00;-0,99;-0,99;
2.3.2015 16:00;000,0;018,7;;;;;21392;1456193;5511;160803;62;700;0;0;0;0;0;0;0;;-13,25;-11,50;-11,50;1,00;0,00;2,00;13899,00;12457,00;13114,00;0,97;0,94;0,90;;13,25;11,75;11,75;nan;2,41;1,35;-36,50;3,25;nan;36,99;37,02;NaN;-9,12;0,81;9,25;9,26;1,00;-0,99;-0,99;
2.3.2015 16:15;000,0;007,9;;;;;21392;1456194;5511;160803;62;700;0;0;0;0;0;0;0;;-8,50;-7,50;-7,00;1,00;0,00;1,50;13964,00;12464,00;13152,00;0,63;0,61;0,56;;8,75;7,50;7,25;1,82;0,00;1,15;-23,25;2,75;2,97;23,90;23,93;3,98;-5,81;0,69;5,97;5,98;0,99;-0,97;-0,97;
2.3.2015 16:30;000,0;009,6;;;;;21392;1456197;5511;160804;62;700;0;0;0;0;0;0;0;;-5,25;-4,50;-4,50;0,75;0,50;1,25;13958,00;12482,00;13199,00;0,38;0,37;0,37;;5,25;4,50;4,75;nan;nan;0,87;-14,25;2,50;nan;14,84;14,85;NaN;-3,56;0,62;3,71;3,71;0,98;-0,96;-0,96;
2.3.2015 16:45;000,0;007,4;;;;;21392;1456199;5511;160804;62;700;0;0;0;0;0;0;0;;-5,25;-4,50;-4,00;1,00;0,00;1,25;13978,00;12484,00;13210,00;0,39;0,38;0,33;;5,50;4,50;4,25;1,30;0,00;0,71;-13,75;2,25;2,01;14,53;14,57;3,75;-3,44;0,56;3,63;3,64;0,99;-0,95;-0,94;
2.3.2015 17:00;000,0;002,1;;;;;21392;1456199;5511;160804;62;700;0;0;0;0;0;0;0;;-1,50;-1,25;-0,50;1,00;0,00;0,75;13998,00;12503,00;13220,00;0,16;0,12;0,09;;2,00;1,25;1,25;0,87;0,00;0,87;-3,25;2,00;1,73;4,86;4,94;2,62;-0,81;0,50;1,22;1,24;0,82;-0,67;-0,66;
2.3.2015 17:15;000,4;000,1;;;;;21392;1456199;5511;160804;62;700;0;0;0;0;0;0;0;;0,50;0,50;1,25;0,00;0,00;0,00;13939,00;12482,00;13180,00;0,05;0,07;0,11;;0,75;0,75;1,25;0,56;0,56;0,00;2,75;0,00;1,12;3,06;3,21;1,22;0,69;0,00;0,76;0,80;1,00;0,90;0,86;
2.3.2015 17:30;000,9;000,0;;;;;21392;1456199;5511;160804;62;700;0;0;0;0;0;0;0;;0,25;0,50;0,75;0,00;0,00;0,00;13946,00;12475,00;13199,00;0,03;0,04;0,06;;0,25;0,50;0,75;0,00;0,00;0,00;1,50;0,00;0,00;1,77;1,83;1,05;0,38;0,00;0,44;0,46;1,00;0,85;0,82;
2.3.2015 17:45;000,8;000,0;;;;;21393;1456199;5511;160804;62;700;0;0;0;0;0;0;0;;0,25;0,50;0,75;0,00;0,00;0,00;13932,00;12471,00;13180,00;0,03;0,04;0,06;;0,25;0,50;0,75;0,00;0,00;0,00;1,50;0,00;0,00;1,77;1,83;1,05;0,38;0,00;0,44;0,46;1,00;0,85;0,82;
2.3.2015 18:00;000,9;000,0;;;;;21393;1456199;5511;160804;62;700;0;0;0;0;0;0;0;;0,25;0,50;0,75;0,00;0,00;0,00;14011,00;12484,00;13151,00;0,03;0,04;0,06;;0,25;0,50;0,75;0,00;0,00;0,00;1,50;0,00;0,00;1,77;1,83;1,05;0,38;0,00;0,44;0,46;1,00;0,85;0,82;
2.3.2015 18:15;001,0;000,0;;;;;21393;1456199;5511;160804;62;700;0;0;0;0;0;0;0;;0,50;0,75;0,75;0,00;0,00;0,00;13954,00;12465,00;13136,00;0,04;0,07;0,06;;0,50;0,75;0,75;0,00;0,00;0,00;2,25;0,00;0,00;2,28;2,37;0,74;0,56;0,00;0,57;0,59;1,00;0,98;0,95;
2.3.2015 18:30;001,0;000,0;;;;;21393;1456199;5511;160804;62;700;0;0;0;0;0;0;0;;0,50;0,50;1,25;0,00;0,00;0,00;13905,00;12447,00;13186,00;0,05;0,07;0,11;;0,75;0,75;1,25;0,56;0,56;0,00;2,75;0,00;1,12;3,02;3,18;1,15;0,69;0,00;0,76;0,80;1,00;0,91;0,86;
2.3.2015 18:45;000,8;000,0;;;;;21394;1456199;5511;160804;62;700;0;0;0;0;0;0;0;;0,50;0,50;1,25;0,00;0,00;0,00;13907,00;12434,00;13184,00;0,05;0,07;0,11;;0,75;0,75;1,25;0,56;0,56;0,00;2,75;0,00;1,12;3,02;3,18;1,15;0,69;0,00;0,75;0,80;1,00;0,91;0,86;
2.3.2015 19:00;000,9;000,0;;;;;21394;1456199;5511;160804;62;700;0;0;0;0;0;0;0;;0,25;0,50;0,75;0,00;0,00;0,00;13960,00;12464,00;13181,00;0,03;0,04;0,06;;0,25;0,50;0,75;0,00;0,00;0,00;1,50;0,00;0,00;1,77;1,83;1,05;0,38;0,00;0,44;0,46;1,00;0,85;0,82;
2.3.2015 19:15;000,9;000,0;;;;;21394;1456199;5511;160804;62;700;0;0;0;0;0;0;0;;0,25;0,50;0,75;0,00;0,00;0,00;13962,00;12481,00;13208,00;0,03;0,04;0,06;;0,25;0,50;0,75;0,00;0,00;0,00;1,50;0,00;0,00;1,77;1,83;1,05;0,38;0,00;0,44;0,46;1,00;0,85;0,82;
2.3.2015 19:30;000,8;000,0;;;;;21394;1456199;5511;160804;62;700;0;0;0;0;0;0;0;;0,50;0,50;1,25;0,00;0,00;0,00;13975,00;12477,00;13212,00;0,05;0,07;0,11;;0,75;0,75;1,25;0,56;0,56;0,00;2,75;0,00;1,12;3,03;3,19;1,18;0,69;0,00;0,76;0,80;1,00;0,91;0,86;
2.3.2015 19:45;000,9;000,0;;;;;21394;1456199;5511;160804;62;700;0;0;0;0;0;0;0;;0,50;0,50;1,25;0,00;0,00;0,00;13988,00;12507,00;13225,00;0,05;0,07;0,11;;0,75;0,75;1,25;0,56;0,56;0,00;2,75;0,00;1,12;3,03;3,20;1,19;0,69;0,00;0,76;0,80;1,00;0,91;0,86;
2.3.2015 20:00;000,9;000,0;;;;;21395;1456199;5511;160804;62;700;0;0;0;0;0;0;0;;0,50;0,75;0,75;0,00;0,00;0,00;14003,00;12498,00;13207,00;0,04;0,07;0,06;;0,50;0,75;0,75;0,00;0,00;0,00;2,25;0,00;0,00;2,29;2,38;0,77;0,56;0,00;0,57;0,59;1,00;0,98;0,95;
2.3.2015 20:15;001,2;000,0;;;;;21395;1456199;5511;160804;62;700;0;0;0;0;0;0;0;;0,50;1,00;1,50;0,00;0,00;0,00;14091,00;12524,00;13250,00;0,05;0,09;0,12;;0,75;1,00;1,50;0,56;0,00;0,00;3,25;0,00;0,56;3,49;3,68;1,64;0,81;0,00;0,87;0,92;1,00;0,93;0,88;
2.3.2015 20:30;000,9;000,0;;;;;21395;1456199;5511;160804;62;700;0;0;0;0;0;0;0;;0,25;0,50;0,75;0,00;0,00;0,00;14045,00;12461,00;13210,00;0,03;0,04;0,06;;0,25;0,50;0,75;0,00;0,00;0,00;1,50;0,00;0,00;1,78;1,83;1,06;0,38;0,00;0,44;0,46;1,00;0,84;0,82;
2.3.2015 20:45;000,9;000,0;;;;;21395;1456199;5511;160804;62;700;0;0;0;0;0;0;0;;0,50;0,50;1,25;0,00;0,00;0,00;14044,00;12498,00;13238,00;0,05;0,07;0,11;;0,75;0,75;1,25;0,56;0,56;0,00;2,75;0,00;1,12;3,07;3,25;1,32;0,69;0,00;0,77;0,81;1,00;0,90;0,85;
2.3.2015 21:00;000,9;000,0;;;;;21396;1456199;5511;160804;62;700;0;0;0;0;0;0;0;;0,25;0,50;0,75;0,00;0,00;0,00;13955,00;12506,00;13282,00;0,03;0,04;0,06;;0,25;0,50;0,75;0,00;0,00;0,00;1,50;0,00;0,00;1,78;1,84;1,06;0,38;0,00;0,45;0,46;1,00;0,84;0,82;
2.3.2015 21:15;000,8;000,0;;;;;21396;1456199;5511;160804;62;700;0;0;0;0;0;0;0;;0,50;0,50;1,50;0,00;0,00;0,00;14044,00;12566,00;13331,00;0,05;0,07;0,11;;0,75;0,75;1,50;0,56;0,56;0,00;2,75;0,00;1,12;3,12;3,28;1,40;0,69;0,00;0,78;0,82;1,00;0,88;0,84;
2.3.2015 21:30;001,1;000,0;;;;;21396;1456199;5511;160804;62;700;0;0;0;0;0;0;0;;0,25;0,50;0,75;0,00;0,00;0,00;14116,00;12594,00;13338,00;0,04;0,04;0,06;;0,25;0,50;0,75;0,00;0,00;0,00;1,75;0,00;0,00;1,86;1,92;0,78;0,44;0,00;0,47;0,48;1,00;0,94;0,91;
2.3.2015 21:45;000,9;000,0;;;;;21396;1456199;5511;160804;62;700;0;0;0;0;0;0;0;;0,25;0,50;0,75;0,00;0,00;0,00;14123,00;12580,00;13312,00;0,04;0,04;0,06;;0,25;0,50;0,75;0,00;0,00;0,00;1,75;0,00;0,00;1,86;1,91;0,78;0,44;0,00;0,46;0,48;1,00;0,94;0,91;
2.3.2015 22:00;001,1;000,0;;;;;21397;1456199;5511;160804;62;700;0;0;0;0;0;0;0;;1,75;0,75;1,00;0,00;0,00;-0,50;14112,00;12583,00;13297,00;0,14;0,07;0,10;;1,75;0,75;1,25;0,00;0,00;0,56;3,75;-0,50;0,56;4,15;4,24;1,83;0,94;-0,12;1,04;1,06;0,99;0,90;0,88;
2.3.2015 22:15;001,2;000,0;;;;;21397;1456199;5511;160804;62;700;0;0;0;0;0;0;0;;0,50;1,00;1,50;0,00;0,00;0,00;14130,00;12597,00;13310,00;0,05;0,09;0,12;;0,75;1,00;1,50;0,56;0,00;0,00;3,25;0,00;0,56;3,51;3,70;1,67;0,81;0,00;0,88;0,92;1,00;0,93;0,88;
2.3.2015 22:30;001,0;000,0;;;;;21397;1456199;5511;160804;62;700;0;0;0;0;0;0;0;;0,25;0,50;0,75;0,00;0,00;0,00;14090,00;12594,00;13335,00;0,04;0,04;0,06;;0,50;0,50;0,75;0,43;0,00;0,00;1,75;0,00;0,43;1,86;1,91;0,64;0,44;0,00;0,46;0,48;1,00;0,94;0,91;
2.3.2015 22:45;001,3;000,0;;;;;21397;1456199;5511;160804;62;700;0;0;0;0;0;0;0;;1,75;0,75;1,00;0,00;0,00;-0,50;14147,00;12612,00;13336,00;0,14;0,07;0,10;;1,75;0,75;1,25;0,00;0,00;0,56;3,75;-0,50;0,56;4,16;4,25;1,86;0,94;-0,12;1,04;1,06;0,99;0,90;0,88;
2.3.2015 23:00;001,3;000,0;;;;;21398;1456199;5511;160804;62;700;0;0;0;0;0;0;0;;0,25;0,50;0,75;0,00;0,00;0,00;14085,00;12574,00;13276,00;0,03;0,04;0,06;;0,25;0,50;0,75;0,00;0,00;0,00;1,75;0,00;0,00;1,82;1,89;0,70;0,44;0,00;0,46;0,47;1,00;0,96;0,93;
2.3.2015 23:15;001,4;000,0;;;;;21398;1456199;5511;160804;62;701;0;0;0;0;0;0;0;;2,00;1,25;1,75;0,00;0,00;-0,50;14045,00;12589,00;13329,00;0,16;0,11;0,15;;2,25;1,25;1,75;1,03;0,00;nan;5,25;-0,50;nan;5,57;5,61;NaN;1,31;-0,12;1,39;1,40;1,00;0,94;0,94;
2.3.2015 23:30;001,5;000,0;;;;;21398;1456199;5511;160804;62;701;0;0;0;0;0;0;0;;0,50;1,00;1,50;0,00;0,00;0,00;14163,00;12609,00;13282,00;0,05;0,09;0,12;;0,75;1,00;1,50;0,56;0,00;0,00;3,25;0,00;0,56;3,51;3,70;1,68;0,81;0,00;0,88;0,92;1,00;0,93;0,88;
2.3.2015 23:45;001,2;000,0;;;;;21399;1456199;5511;160804;62;701;0;0;0;0;0;0;0;;2,00;1,00;1,75;0,00;0,00;-0,50;14182,00;12646,00;13335,00;0,16;0,08;0,15;;2,00;1,00;1,75;0,00;0,00;nan;5,00;-0,50;nan;5,18;5,30;NaN;1,25;-0,12;1,29;1,33;1,00;0,97;0,94;
3.3.2015 00:00;001,5;000,0;;;;;21399;1456199;5511;160804;62;701;0;0;0;0;0;0;0;;0,50;0,75;0,75;0,00;0,00;0,00;14104,00;12639,00;13370,00;0,04;0,07;0,07;;0,50;0,75;0,75;0,00;0,00;0,00;2,25;0,00;0,00;2,35;2,44;0,94;0,56;0,00;0,59;0,61;1,00;0,96;0,92;
3.3.2015 00:15;001,5;000,0;;;;;21400;1456199;5511;160804;62;701;0;0;0;0;0;0;0;;2,00;1,25;1,75;0,00;0,00;0,00;14089,00;12622,00;13372,00;0,16;0,11;0,15;;2,25;1,25;2,00;1,03;0,00;0,97;5,50;0,00;2,00;5,62;5,66;NaN;1,38;0,00;1,40;1,41;1,00;0,98;0,97;
3.3.2015 00:30;001,3;000,0;;;;;21400;1456199;5511;160804;62;701;0;0;0;0;0;0;0;;0,50;0,50;1,50;0,00;0,00;0,00;14068,00;12596,00;13312,00;0,05;0,07;0,11;;0,75;0,75;1,50;0,56;0,56;0,00;2,75;0,00;1,12;3,12;3,29;1,41;0,69;0,00;0,78;0,82;1,00;0,88;0,84;
3.3.2015 00:45;001,3;000,0;;;;;21400;1456199;5511;160804;62;701;0;0;0;0;0;0;0;;0,25;0,50;0,75;0,00;0,00;0,00;14143,00;12626,00;13344,00;0,04;0,04;0,06;;0,25;0,50;0,75;0,00;0,00;0,00;1,75;0,00;0,00;1,86;1,92;0,79;0,44;0,00;0,47;0,48;1,00;0,94;0,91;
3.3.2015 01:00;001,3;000,0;;;;;21401;1456199;5511;160804;62;701;0;0;0;0;0;0;0;;2,00;1,25;1,75;0,00;0,00;0,00;14096,00;12651,00;13374,00;0,16;0,11;0,15;;2,25;1,25;2,00;1,03;0,00;0,97;5,50;0,00;2,00;5,62;5,66;NaN;1,38;0,00;1,41;1,42;1,00;0,98;0,97;
3.3.2015 01:15;001,7;000,0;;;;;21401;1456199;5511;160804;62;701;0;0;0;0;0;0;0;;2,00;1,25;1,75;0,00;0,00;0,00;14077,00;12655,00;13414,00;0,16;0,11;0,15;;2,25;1,25;2,00;1,03;0,00;0,97;5,50;0,00;2,00;5,62;5,67;NaN;1,38;0,00;1,41;1,42;1,00;0,98;0,97;
3.3.2015 01:30;001,4;000,0;;;;;21401;1456199;5511;160804;62;701;0;0;0;0;0;0;0;;2,00;1,25;1,75;0,00;0,00;0,00;14119,00;12651,00;13393,00;0,16;0,11;0,15;;2,25;1,25;2,00;1,03;0,00;0,97;5,50;0,00;2,00;5,63;5,67;NaN;1,38;0,00;1,41;1,42;1,00;0,98;0,97;
3.3.2015 01:45;001,3;000,0;;;;;21402;1456199;5511;160804;62;701;0;0;0;0;0;0;0;;0,25;0,50;0,75;0,00;0,00;0,00;14127,00;12673,00;13428,00;0,04;0,04;0,06;;0,50;0,50;0,75;0,43;0,00;0,00;1,75;0,00;0,43;1,87;1,92;0,67;0,44;0,00;0,47;0,48;1,00;0,94;0,91;
3.3.2015 02:00;001,5;000,0;;;;;21402;1456199;5511;160804;62;701;0;0;0;0;0;0;0;;0,50;0,50;1,50;0,00;0,00;0,00;14167,00;12685,00;13428,00;0,05;0,07;0,11;;0,75;0,75;1,50;0,56;0,56;0,00;2,75;0,00;1,12;3,15;3,31;1,47;0,69;0,00;0,79;0,83;1,00;0,87;0,83;
3.3.2015 02:15;001,7;000,0;;;;;21402;1456199;5511;160804;62;701;0;0;0;0;0;0;0;;2,00;1,25;1,75;0,00;0,00;0,00;14151,00;12673,00;13422,00;0,16;0,11;0,15;;2,25;1,25;2,00;1,03;0,00;0,97;5,50;0,00;2,00;5,67;5,71;NaN;1,38;0,00;1,42;1,43;1,00;0,97;0,96;
3.3.2015 02:30;001,5;000,0;;;;;21403;1456199;5511;160804;62;701;0;0;0;0;0;0;0;;0,50;0,75;1,00;0,00;0,00;0,00;14159,00;12664,00;13406,00;0,04;0,07;0,08;;0,50;0,75;1,00;0,00;0,00;0,00;2,50;0,00;0,00;2,69;2,80;1,25;0,62;0,00;0,67;0,70;1,00;0,93;0,89;
3.3.2015 02:45;001,6;000,0;;;;;21403;1456199;5511;160804;62;701;0;0;0;0;0;0;0;;2,25;1,25;1,75;0,00;0,00;0,00;14138,00;12646,00;13401,00;0,16;0,11;0,15;;2,25;1,25;2,00;0,00;0,00;0,97;5,50;0,00;0,97;5,63;5,67;1,00;1,38;0,00;1,41;1,42;1,00;0,98;0,97;
3.3.2015 03:00;001,6;000,0;;;;;21404;1456199;5511;160804;62;701;0;0;0;0;0;0;0;;0,50;1,00;1,50;0,00;0,00;0,00;14120,00;12641,00;13388,00;0,06;0,09;0,12;;0,75;1,00;1,50;0,56;0,00;0,00;3,25;0,00;0,56;3,56;3,73;1,74;0,81;0,00;0,89;0,93;1,00;0,91;0,87;
3.3.2015 03:15;001,5;000,0;;;;;21404;1456199;5511;160804;62;701;0;0;0;0;0;0;0;;0,50;0,75;0,75;0,00;0,00;0,00;14153,00;12659,00;13387,00;0,04;0,07;0,07;;0,50;0,75;0,75;0,00;0,00;0,00;2,25;0,00;0,00;2,36;2,44;0,95;0,56;0,00;0,59;0,61;1,00;0,96;0,92;
3.3.2015 03:30;001,4;000,0;;;;;21404;1456199;5511;160804;62;701;0;0;0;0;0;0;0;;0,50;0,50;1,50;0,00;0,00;0,00;14124,00;12645,00;13408,00;0,05;0,07;0,11;;0,75;0,75;1,50;0,56;0,56;0,00;2,75;0,00;1,12;3,14;3,30;1,45;0,69;0,00;0,78;0,83;1,00;0,88;0,83;
3.3.2015 03:45;001,2;000,0;;;;;21405;1456199;5511;160804;62;701;0;0;0;0;0;0;0;;0,25;0,50;0,75;0,00;0,00;0,00;14112,00;12665,00;13390,00;0,04;0,04;0,06;;0,50;0,50;0,75;0,43;0,00;0,00;1,75;0,00;0,43;1,87;1,92;0,66;0,44;0,00;0,47;0,48;1,00;0,94;0,91;
3.3.2015 04:00;001,2;000,0;;;;;21405;1456199;5511;160804;62;701;0;0;0;0;0;0;0;;0,50;1,00;1,50;0,00;0,00;0,00;14134,00;12630,00;13380,00;0,06;0,09;0,12;;0,75;1,00;1,50;0,56;0,00;0,00;3,25;0,00;0,56;3,56;3,73;1,74;0,81;0,00;0,89;0,93;1,00;0,91;0,87;
3.3.2015 04:15;001,3;000,0;;;;;21405;1456199;5511;160804;62;701;0;0;0;0;0;0;0;;0,50;0,75;0,75;0,00;0,00;0,00;14128,00;12678,00;13336,00;0,04;0,07;0,07;;0,50;0,75;0,75;0,00;0,00;0,00;2,25;0,00;0,00;2,35;2,44;0,94;0,56;0,00;0,59;0,61;1,00;0,96;0,92;
3.3.2015 04:30;001,5;000,0;;;;;21406;1456199;5511;160804;62;701;0;0;0;0;0;0;0;;2,00;1,25;1,75;0,00;0,00;0,00;14092,00;12696,00;13348,00;0,16;0,11;0,15;;2,25;1,25;2,00;1,03;0,00;0,97;5,50;0,00;2,00;5,62;5,66;NaN;1,38;0,00;1,41;1,42;1,00;0,98;0,97;
3.3.2015 04:45;001,5;000,0;;;;;21406;1456199;5511;160804;62;701;0;0;0;0;0;0;0;;0,50;1,00;1,50;0,00;0,00;0,00;14056,00;12670,00;13313,00;0,06;0,09;0,12;;0,75;1,00;1,50;0,56;0,00;0,00;3,25;0,00;0,56;3,55;3,72;1,71;0,81;0,00;0,89;0,93;1,00;0,92;0,87;
3.3.2015 05:00;001,4;000,0;;;;;21406;1456199;5511;160804;62;701;0;0;0;0;0;0;0;;0,50;1,00;1,50;0,00;0,00;0,00;14065,00;12705,00;13291,00;0,05;0,09;0,12;;0,75;1,00;1,50;0,56;0,00;0,00;3,25;0,00;0,56;3,51;3,70;1,67;0,81;0,00;0,88;0,92;1,00;0,93;0,88;
3.3.2015 05:15;001,2;000,0;;;;;21407;1456199;5511;160804;62;701;0;0;0;0;0;0;0;;0,50;1,00;1,50;0,00;0,00;0,00;14025,00;12647,00;13285,00;0,06;0,09;0,12;;0,75;1,00;1,50;0,56;0,00;0,00;3,25;0,00;0,56;3,54;3,71;1,70;0,81;0,00;0,88;0,93;1,00;0,92;0,88;
3.3.2015 05:30;001,3;000,0;;;;;21407;1456199;5511;160804;62;701;0;0;0;0;0;0;0;;0,50;1,00;1,50;0,00;0,00;0,00;14081,00;12658,00;13293,00;0,05;0,09;0,12;;0,75;1,00;1,50;0,56;0,00;0,00;3,25;0,00;0,56;3,51;3,70;1,67;0,81;0,00;0,88;0,92;1,00;0,93;0,88;
3.3.2015 05:45;001,3;000,0;;;;;21407;1456199;5511;160804;62;701;0;0;0;0;0;0;0;;0,50;1,00;1,50;0,00;0,00;0,00;14047,00;12635,00;13281,00;0,06;0,09;0,12;;0,75;1,00;1,50;0,56;0,00;0,00;3,25;0,00;0,56;3,54;3,71;1,70;0,81;0,00;0,88;0,93;1,00;0,92;0,88;
3.3.2015 06:00;001,2;000,0;;;;;21408;1456199;5511;160804;62;701;0;0;0;0;0;0;0;;0,50;1,00;1,50;0,00;0,00;0,00;14031,00;12707,00;13216,00;0,05;0,09;0,12;;0,75;1,00;1,50;0,56;0,00;0,00;3,25;0,00;0,56;3,50;3,69;1,65;0,81;0,00;0,88;0,92;1,00;0,93;0,88;
3.3.2015 06:15;001,3;000,0;;;;;21408;1456199;5511;160804;62;701;0;0;0;0;0;0;0;;0,50;1,00;1,50;0,00;0,00;0,00;13992,00;12568,00;13122,00;0,05;0,09;0,12;;0,75;1,00;1,50;0,56;0,00;0,00;3,25;0,00;0,56;3,44;3,62;1,50;0,81;0,00;0,86;0,91;1,00;0,94;0,90;
3.3.2015 06:30;001,3;000,0;;;;;21408;1456199;5511;160804;62;701;0;0;0;0;0;0;0;;0,50;1,00;1,50;0,00;0,00;0,00;13955,00;12466,00;13155,00;0,05;0,09;0,12;;0,75;1,00;1,50;0,56;0,00;0,00;3,25;0,00;0,56;3,44;3,61;1,47;0,81;0,00;0,86;0,90;1,00;0,95;0,90;
3.3.2015 06:45;001,2;000,0;;;;;21409;1456199;5511;160804;62;701;0;0;0;0;0;0;0;;0,00;0,25;2,00;9,25;7,00;8,50;13906,00;12462,00;13185,00;0,67;0,58;0,67;;9,25;7,00;8,75;0,00;nan;0,56;2,50;25,00;nan;25,34;25,36;NaN;0,62;6,25;6,34;6,34;-0,84;0,10;0,10;
3.3.2015 07:00;000,4;000,1;;;;;21409;1456199;5512;160804;62;701;0;0;0;0;0;0;0;;1,25;0,50;0,50;0,75;1,00;0,00;13966,00;12447,00;13191,00;0,14;0,12;0,10;;1,75;1,50;1,25;0,97;1,00;1,15;2,50;1,75;3,11;4,80;4,83;2,08;0,62;0,44;1,20;1,21;0,76;0,52;0,52;
3.3.2015 07:15;000,2;000,0;;;;;21409;1456199;5512;160804;62;701;0;0;0;0;0;0;0;;-0,75;-0,50;0,00;1,00;0,00;0,75;13952,00;12419,00;13168,00;0,12;0,08;0,09;;1,50;1,00;1,00;0,83;0,87;0,66;-1,25;1,75;2,36;3,85;3,87;2,19;-0,31;0,44;0,96;0,97;0,17;-0,32;-0,32;
3.3.2015 07:30;000,0;003,5;;;;;21409;1456200;5512;160804;62;701;0;0;0;0;0;0;0;;-4,50;-3,50;-3,25;1,00;0,00;1,25;13882,00;12430,00;13173,00;0,34;0,31;0,28;;4,50;3,75;3,75;nan;1,35;1,39;-11,50;2,25;nan;12,23;12,25;NaN;-2,88;0,56;3,06;3,06;0,98;-0,94;-0,94;
3.3.2015 07:45;000,0;009,4;;;;;21409;1456203;5512;160805;62;701;0;0;0;0;0;0;0;;-12,00;-10,25;-11,00;0,50;0,50;2,00;13925,00;12436,00;13193,00;0,87;0,84;0,86;;12,00;10,25;11,25;nan;nan;1,25;-33,50;3,00;nan;33,91;33,93;NaN;-8,38;0,75;8,48;8,48;1,00;-0,99;-0,99;
3.3.2015 08:00;000,0;009,5;;;;;21409;1456205;5512;160805;62;701;0;0;0;0;0;0;0;;-7,50;-6,25;-6,25;0,75;0,00;1,50;13916,00;12467,00;13213,00;0,56;0,52;0,50;;7,75;6,50;6,50;1,80;1,79;0,97;-20,50;2,50;4,56;21,01;21,03;NaN;-5,12;0,62;5,25;5,26;0,99;-0,98;-0,97;
3.3.2015 08:15;000,0;014,2;;;;;21409;1456208;5512;160805;62;701;0;0;0;0;0;0;0;;-14,25;-12,25;-12,50;0,75;0,00;2,00;13896,00;12427,00;13181,00;1,03;0,99;0,97;;14,25;12,25;12,75;nan;0,00;1,52;-39,00;3,00;nan;39,47;39,49;NaN;-9,75;0,75;9,87;9,87;1,00;-0,99;-0,99;
3.3.2015 08:30;000,0;034,1;;;;;21409;1456217;5512;160806;62;701;0;0;0;0;0;0;0;;-44,50;-40,00;-41,25;2,75;1,75;5,75;13830,00;12550,00;13191,00;3,23;3,19;3,17;;44,50;40,00;41,75;nan;nan;2,90;-126,00;10,50;nan;126,55;126,63;NaN;-31,50;2,62;31,64;31,66;1,00;-1,00;-1,00;
3.3.2015 08:45;000,0;064,4;;;;;21409;1456234;5512;160807;62;701;0;0;0;0;0;0;0;;-86,50;-78,50;-82,50;5,00;5,25;12,00;13813,00;12607,00;13223,00;6,29;6,25;6,31;;86,75;78,75;83,25;4,28;3,43;nan;-247,75;22,50;nan;249,15;249,30;NaN;-61,94;5,62;62,29;62,32;1,00;-0,99;-0,99;
3.3.2015 09:00;000,0;145,1;;;;;21409;1456270;5512;160811;62;701;0;0;0;0;0;0;0;;-141,75;-129,25;-136,00;10,25;10,75;21,00;13854,00;12674,00;13382,00;10,27;10,24;10,29;;142,25;129,75;137,50;6,08;3,73;nan;-407,25;42,25;nan;409,86;410,12;NaN;-101,81;10,56;102,47;102,53;0,99;-0,99;-0,99;
3.3.2015 09:15;000,0;126,2;;;;;21409;1456301;5512;160814;62;701;0;0;0;0;0;0;0;;-43,25;-39,50;-42,00;1,75;2,75;5,25;13645,00;12666,00;13347,00;3,18;3,14;3,19;;43,25;39,75;42,50;nan;3,50;3,83;-125,25;10,00;nan;125,77;125,81;NaN;-31,31;2,50;31,44;31,45;1,00;-1,00;-1,00;
3.3.2015 09:30;000,0;171,2;;;;;21409;1456344;5512;160819;62;701;0;0;0;0;0;0;0;;-74,50;-68,25;-72,50;3,75;5,25;9,75;13706,00;12714,00;13405,00;5,45;5,40;5,48;;74,50;68,50;73,25;nan;2,57;3,77;-215,50;19,25;nan;216,71;216,79;NaN;-53,88;4,81;54,18;54,20;1,00;-0,99;-0,99;
3.3.2015 09:45;000,0;216,8;;;;;21409;1456399;5512;160825;62;701;0;0;0;0;0;0;0;;-189,50;-175,00;-183,50;15,75;17,25;28,00;13772,00;12779,00;13449,00;13,81;13,78;13,82;;190,25;176,00;185,75;6,06;7,31;6,84;-548,25;61,25;20,21;552,12;552,37;19,23;-137,06;15,31;138,03;138,09;0,99;-0,99;-0,99;
3.3.2015 10:00;000,0;178,3;;;;;21409;1456443;5512;160830;62;701;0;0;0;0;0;0;0;;-79,25;-73,00;-77,25;4,25;5,75;10,00;13715,00;12719,00;13406,00;5,79;5,77;5,83;;79,25;73,25;78,00;nan;1,87;4,05;-229,75;20,50;nan;230,96;231,06;NaN;-57,44;5,12;57,74;57,76;1,00;-0,99;-0,99;
3.3.2015 10:15;000,0;108,5;;;;;21409;1456470;5512;160833;62;701;0;0;0;0;0;0;0;;-39,25;-35,75;-37,75;2,00;2,25;4,75;13819,00;12596,00;13345,00;2,85;2,86;2,87;;39,25;36,00;38,25;nan;3,59;3,93;-113,00;9,25;nan;113,67;113,76;NaN;-28,25;2,31;28,42;28,44;1,00;-0,99;-0,99;
3.3.2015 10:30;000,0;035,3;;;;;21409;1456479;5512;160834;62;701;0;0;0;0;0;0;0;;-28,50;-25,25;-26,00;1,50;0,50;3,50;13950,00;12450,00;13220,00;2,05;2,03;1,99;;28,50;25,25;26,25;nan;nan;0,90;-79,75;5,75;nan;80,24;80,32;NaN;-19,94;1,44;20,06;20,08;1,00;-0,99;-0,99;
3.3.2015 10:45;000,0;042,6;;;;;21409;1456489;5512;160835;62;701;0;0;0;0;0;0;0;;-45,75;-40,75;-43,50;2,00;2,00;6,25;13991,00;12461,00;13218,00;3,29;3,29;3,33;;46,00;41,00;44,00;4,35;4,05;2,17;-130,25;10,50;10,57;131,07;131,22;5,73;-32,56;2,62;32,77;32,81;1,00;-0,99;-0,99;
3.3.2015 11:00;000,0;269,0;;;;;21409;1456558;5512;160844;62;701;0;0;0;0;0;0;0;;-262,00;-234,25;-245,25;28,25;24,50;49,75;14106,00;12611,00;13363,00;18,69;18,69;18,75;;263,50;235,50;250,50;nan;nan;11,30;-742,00;102,75;nan;749,83;750,61;NaN;-185,50;25,69;187,46;187,65;0,99;-0,99;-0,99;
3.3.2015 11:15;000,0;297,8;;;;;21409;1456632;5512;160855;62;701;0;0;0;0;0;0;0;;-269,75;-241,25;-252,00;30,50;26,00;51,50;14114,00;12583,00;13327,00;19,24;19,30;19,31;;271,50;242,75;257,25;4,12;7,07;4,62;-763,25;108,25;15,80;771,79;772,68;50,11;-190,81;27,06;192,95;193,17;0,99;-0,99;-0,99;
3.3.2015 11:30;000,0;200,7;;;;;21409;1456681;5512;160861;62;701;0;0;0;0;0;0;0;;-50,00;-44,75;-47,25;2,75;2,50;7,00;13965,00;12466,00;13244,00;3,60;3,61;3,62;;50,25;45,00;47,75;4,18;4,02;nan;-142,25;12,75;nan;143,25;143,41;NaN;-35,56;3,19;35,81;35,85;1,00;-0,99;-0,99;
3.3.2015 11:45;000,0;063,9;;;;;21409;1456697;5512;160863;62;701;0;0;0;0;0;0;0;;-44,25;-39,25;-40,75;2,50;1,50;6,00;13950,00;12456,00;13206,00;3,18;3,15;3,12;;44,25;39,25;41,25;nan;nan;2,24;-124,25;10,25;nan;124,90;125,01;NaN;-31,06;2,56;31,22;31,25;1,00;-0,99;-0,99;
3.3.2015 12:00;000,0;039,4;;;;;21409;1456707;5512;160864;62;701;0;0;0;0;0;0;0;;-27,25;-24,00;-25,25;1,00;0,75;3,50;13958,00;12458,00;13217,00;1,96;1,94;1,94;;27,25;24,00;25,50;nan;nan;0,66;-76,75;5,75;nan;77,20;77,27;NaN;-19,19;1,44;19,30;19,32;1,00;-0,99;-0,99;
3.3.2015 12:15;000,0;028,9;;;;;21409;1456714;5512;160864;62;701;0;0;0;0;0;0;0;;-24,00;-21,25;-21,75;1,25;0,00;3,00;14007,00;12454,00;13235,00;1,73;1,71;1,68;;24,25;21,25;22,00;3,24;0,00;1,39;-67,25;4,50;4,63;67,73;67,80;5,69;-16,81;1,12;16,93;16,95;1,00;-0,99;-0,99;
3.3.2015 12:30;000,0;039,2;;;;;21409;1456724;5512;160865;62;701;0;0;0;0;0;0;0;;-35,00;-31,00;-32,50;1,50;1,00;4,75;13994,00;12428,00;13169,00;2,52;2,50;2,50;;35,25;31,00;32,75;3,91;nan;nan;-98,75;7,50;nan;99,35;99,46;NaN;-24,69;1,88;24,84;24,86;1,00;-0,99;-0,99;
3.3.2015 12:45;000,0;051,6;;;;;21409;1456737;5512;160866;62;701;0;0;0;0;0;0;0;;-91,00;-81,00;-84,50;6,25;4,25;13,25;14050,00;12500,00;13255,00;6,49;6,50;6,46;;91,25;81,25;85,50;2,55;4,74;nan;-256,50;23,75;nan;258,03;258,33;NaN;-64,12;5,94;64,51;64,58;1,00;-0,99;-0,99;
3.3.2015 13:00;000,0;112,9;;;;;21409;1456765;5512;160870;62;701;0;0;0;0;0;0;0;;-60,75;-54,00;-56,25;3,50;2,00;8,25;14079,00;12506,00;13236,00;4,32;4,34;4,31;;60,75;54,25;57,00;nan;4,80;4,11;-171,25;14,00;nan;172,25;172,46;NaN;-42,81;3,50;43,06;43,12;1,00;-0,99;-0,99;
3.3.2015 13:15;000,0;135,9;;;;;21409;1456799;5512;160874;62;701;0;0;0;0;0;0;0;;-58,75;-52,75;-55,50;3,25;3,00;8,00;13993,00;12490,00;13246,00;4,21;4,24;4,25;;58,75;52,75;56,25;nan;nan;4,45;-167,25;14,25;nan;168,13;168,34;NaN;-41,81;3,56;42,03;42,08;1,00;-0,99;-0,99;
3.3.2015 13:30;000,0;234,2;;;;;21409;1456859;5512;160883;62;701;0;0;0;0;0;0;0;;-297,00;-266,25;-278,00;37,00;32,50;60,50;14078,00;12595,00;13323,00;21,28;21,30;21,37;;299,50;268,25;284,50;11,06;3,57;nan;-841,50;130,25;nan;852,50;853,40;NaN;-210,38;32,56;213,12;213,35;0,99;-0,99;-0,99;
3.3.2015 13:45;000,0;207,8;;;;;21409;1456911;5512;160890;62;701;0;0;0;0;0;0;0;;-287,25;-257,00;-268,00;34,00;29,00;56,50;14170,00;12661,00;13389,00;20,42;20,45;20,47;;289,25;258,75;274,00;nan;7,85;7,73;-812,50;119,75;nan;822,25;823,13;NaN;-203,12;29,94;205,56;205,78;0,99;-0,99;-0,99;
3.3.2015 14:00;000,0;221,8;;;;;21409;1456965;5512;160897;62;701;0;0;0;0;0;0;0;;-54,50;-48,50;-51,50;2,50;2,50;7,50;14094,00;12532,00;13288,00;3,89;3,89;3,93;;54,75;48,75;52,25;4,59;4,25;4,64;-155,00;12,75;13,48;155,93;156,11;1,24;-38,75;3,19;38,98;39,03;1,00;-0,99;-0,99;
3.3.2015 14:15;000,0;064,8;;;;;21409;1456981;5512;160898;62;701;0;0;0;0;0;0;0;;-61,00;-54,50;-57,50;3,00;2,75;8,25;14035,00;12506,00;13242,00;4,36;4,38;4,40;;61,00;54,75;58,00;nan;4,44;nan;-173,25;14,25;nan;174,17;174,38;NaN;-43,31;3,56;43,54;43,59;1,00;-0,99;-0,99;
3.3.2015 14:30;000,0;229,9;;;;;21409;1457040;5512;160906;62;701;0;0;0;0;0;0;0;;-210,50;-187,50;-197,75;18,00;16,25;36,50;14150,00;12607,00;13355,00;14,94;14,93;15,06;;211,25;188,25;201,00;nan;4,21;nan;-596,00;70,75;nan;600,88;601,55;NaN;-149,00;17,69;150,22;150,39;0,99;-0,99;-0,99;
3.3.2015 14:45;000,0;195,1;;;;;21409;1457089;5512;160911;62;701;0;0;0;0;0;0;0;;-209,00;-186,75;-196,00;18,00;15,75;35,50;14127,00;12619,00;13366,00;14,87;14,87;14,92;;209,75;187,50;199,25;nan;5,71;4,93;-592,25;69,50;nan;597,27;597,90;NaN;-148,06;17,38;149,32;149,48;0,99;-0,99;-0,99;
3.3.2015 15:00;000,0;113,8;;;;;21409;1457116;5512;160914;62;701;0;0;0;0;0;0;0;;-48,25;-42,75;-45,00;2,00;1,75;6,50;14047,00;12491,00;13248,00;3,45;3,43;3,45;;48,25;42,75;45,50;nan;nan;1,73;-136,25;10,50;nan;136,94;137,09;NaN;-34,06;2,62;34,24;34,27;1,00;-0,99;-0,99;
3.3.2015 15:15;000,0;079,3;;;;;21409;1457136;5512;160917;62;701;0;0;0;0;0;0;0;;-36,25;-32,25;-34,00;0,75;0,50;4,00;14045,00;12488,00;13251,00;2,60;2,59;2,60;;36,25;32,25;34,25;nan;nan;1,03;-102,50;5,25;nan;103,18;103,29;NaN;-25,62;1,31;25,79;25,82;1,00;-0,99;-0,99;
3.3.2015 15:30;000,0;108,5;;;;;21409;1457163;5512;160920;62;701;0;0;0;0;0;0;0;;-145,00;-129,75;-136,75;10,25;9,50;22,50;14071,00;12578,00;13349,00;10,35;10,36;10,40;;145,50;130,25;138,75;6,34;6,30;6,69;-412,00;42,50;19,33;414,70;415,15;20,56;-103,00;10,62;103,68;103,79;0,99;-0,99;-0,99;
3.3.2015 15:45;000,0;147,4;;;;;21409;1457200;5512;160923;62;701;0;0;0;0;0;0;0;;-122,00;-108,50;-114,00;7,50;6,25;18,25;14078,00;12572,00;13359,00;8,69;8,65;8,65;;122,25;108,75;115,50;2,19;3,91;3,34;-344,75;32,25;9,44;346,70;347,05;21,44;-86,19;8,06;86,68;86,76;1,00;-0,99;-0,99;
3.3.2015 16:00;000,0;121,7;;;;;21409;1457230;5512;160926;62;701;0;0;0;0;0;0;0;;-18,00;-15,75;-16,50;2,25;2,00;4,00;14035,00;12507,00;13309,00;1,30;1,29;1,30;;18,25;16,00;17,25;2,00;1,98;3,05;-50,50;8,50;7,04;51,65;51,70;0,78;-12,62;2,12;12,91;12,92;0,99;-0,98;-0,98;
3.3.2015 16:15;000,0;103,0;;;;;21409;1457256;5512;160928;62;701;0;0;0;0;0;0;0;;-27,25;-24,25;-25,50;2,25;2,00;4,75;14034,00;12526,00;13304,00;1,97;1,96;1,97;;27,50;24,50;26,25;2,94;2,86;4,03;-77,50;9,50;9,83;78,40;78,48;NaN;-19,38;2,38;19,60;19,62;0,99;-0,99;-0,99;
3.3.2015 16:30;000,0;054,2;;;;;21409;1457269;5512;160929;62;701;0;0;0;0;0;0;0;;-10,75;-9,25;-9,75;0,50;0,50;1,75;14022,00;12545,00;13307,00;0,77;0,75;0,75;;10,75;9,25;10,00;nan;nan;1,37;-30,00;3,00;nan;30,29;30,30;NaN;-7,50;0,75;7,57;7,58;1,00;-0,99;-0,99;
3.3.2015 16:45;000,0;008,4;;;;;21409;1457271;5512;160930;62;701;0;0;0;0;0;0;0;;-6,00;-5,00;-4,75;1,00;0,00;1,25;13987,00;12500,00;13293,00;0,44;0,42;0,38;;6,00;5,00;5,00;nan;0,00;0,94;-15,75;2,50;nan;16,39;16,43;NaN;-3,94;0,62;4,10;4,11;0,99;-0,96;-0,96;
3.3.2015 17:00;000,0;013,9;;;;;21409;1457275;5512;160930;62;701;0;0;0;0;0;0;0;;-6,25;-5,50;-5,50;0,75;0,50;1,25;14050,00;12519,00;13296,00;0,46;0,45;0,44;;6,25;5,50;5,75;nan;nan;1,12;-17,50;2,50;nan;18,01;18,03;NaN;-4,38;0,62;4,50;4,51;0,99;-0,97;-0,97;
3.3.2015 17:15;000,0;008,2;;;;;21409;1457277;5512;160930;62;701;0;0;0;0;0;0;0;;-6,75;-5,75;-6,00;0,50;0,50;1,25;13993,00;12499,00;13275,00;0,49;0,47;0,47;;6,75;5,75;6,25;nan;nan;1,22;-18,50;2,50;nan;19,07;19,08;NaN;-4,62;0,62;4,77;4,77;0,99;-0,97;-0,97;
3.3.2015 17:30;000,1;003,7;;;;;21409;1457278;5512;160930;62;701;0;0;0;0;0;0;0;;0,00;0,00;0,75;1,00;0,00;0,75;13971,00;12488,00;13264,00;0,11;0,08;0,11;;1,50;0,00;1,25;1,12;0,00;0,66;0,75;1,75;1,78;3,93;3,94;2,96;0,19;0,44;0,98;0,99;-0,69;0,19;0,19;
3.3.2015 17:45;000,6;000,0;;;;;21409;1457278;5513;160930;62;701;0;0;0;0;0;0;0;;0,25;0,50;0,75;0,00;0,00;0,00;13979,00;12481,00;13262,00;0,04;0,04;0,06;;0,25;0,50;0,75;0,00;0,00;0,00;1,50;0,00;0,00;1,81;1,86;1,10;0,38;0,00;0,45;0,46;1,00;0,83;0,81;
3.3.2015 18:00;000,8;000,0;;;;;21409;1457278;5513;160930;62;701;0;0;0;0;0;0;0;;0,25;0,50;0,75;0,00;0,00;0,00;14034,00;12473,00;13230,00;0,03;0,04;0,06;;0,25;0,50;0,75;0,00;0,00;0,00;1,50;0,00;0,00;1,78;1,84;1,06;0,38;0,00;0,44;0,46;1,00;0,84;0,82;
3.3.2015 18:15;000,8;000,0;;;;;21409;1457278;5513;160930;62;701;0;0;0;0;0;0;0;;0,25;0,50;0,75;0,00;0,00;0,00;13994,00;12469,00;13202,00;0,03;0,04;0,06;;0,25;0,50;0,75;0,00;0,00;0,00;1,50;0,00;0,00;1,78;1,83;1,05;0,38;0,00;0,44;0,46;1,00;0,85;0,82;
3.3.2015 18:30;000,9;000,0;;;;;21409;1457278;5513;160930;62;701;0;0;0;0;0;0;0;;0,25;0,50;0,75;0,00;0,00;0,00;13985,00;12469,00;13237,00;0,03;0,04;0,06;;0,25;0,50;0,75;0,00;0,00;0,00;1,50;0,00;0,00;1,78;1,83;1,05;0,38;0,00;0,44;0,46;1,00;0,84;0,82;
3.3.2015 18:45;000,8;000,0;;;;;21410;1457278;5513;160930;62;701;0;0;0;0;0;0;0;;0,25;0,50;0,75;0,00;0,00;0,00;13967,00;12468,00;13248,00;0,03;0,04;0,06;;0,25;0,50;0,75;0,00;0,00;0,00;1,50;0,00;0,00;1,78;1,83;1,05;0,38;0,00;0,44;0,46;1,00;0,84;0,82;
3.3.2015 19:00;000,8;000,0;;;;;21410;1457278;5513;160930;62;701;0;0;0;0;0;0;0;;0,50;0,50;1,25;0,00;0,00;0,00;14004,00;12468,00;13226,00;0,05;0,07;0,11;;0,75;0,75;1,25;0,56;0,56;0,00;2,75;0,00;1,12;3,03;3,20;1,19;0,69;0,00;0,76;0,80;1,00;0,91;0,86;
3.3.2015 19:15;000,9;000,0;;;;;21410;1457278;5513;160930;62;701;0;0;0;0;0;0;0;;0,50;0,50;1,25;0,00;0,00;0,00;13993,00;12453,00;13212,00;0,05;0,07;0,11;;0,75;0,75;1,25;0,56;0,56;0,00;2,75;0,00;1,12;3,03;3,19;1,18;0,69;0,00;0,76;0,80;1,00;0,91;0,86;
3.3.2015 19:30;000,8;000,0;;;;;21410;1457278;5513;160930;62;701;0;0;0;0;0;0;0;;0,25;0,50;0,75;0,00;0,00;0,00;14035,00;12490,00;13263,00;0,03;0,04;0,06;;0,25;0,50;0,75;0,00;0,00;0,00;1,50;0,00;0,00;1,78;1,84;1,06;0,38;0,00;0,45;0,46;1,00;0,84;0,82;
3.3.2015 19:45;000,9;000,0;;;;;21411;1457278;5513;160930;62;701;0;0;0;0;0;0;0;;0,25;0,50;0,75;0,00;0,00;0,00;14038,00;12484,00;13249,00;0,03;0,04;0,06;;0,25;0,50;0,75;0,00;0,00;0,00;1,50;0,00;0,00;1,78;1,84;1,06;0,38;0,00;0,44;0,46;1,00;0,84;0,82;
3.3.2015 20:00;000,8;000,0;;;;;21411;1457278;5513;160930;62;701;0;0;0;0;0;0;0;;0,50;0,50;1,25;0,00;0,00;0,00;14031,00;12483,00;13218,00;0,05;0,07;0,11;;0,75;0,75;1,25;0,56;0,56;0,00;2,75;0,00;1,12;3,10;3,27;1,36;0,69;0,00;0,78;0,82;1,00;0,89;0,84;
3.3.2015 20:15;001,0;000,0;;;;;21411;1457278;5513;160930;62;701;0;0;0;0;0;0;0;;0,50;0,50;1,25;0,00;0,00;0,00;14048,00;12486,00;13232,00;0,05;0,07;0,11;;0,75;0,75;1,25;0,56;0,56;0,00;2,75;0,00;1,12;3,04;3,20;1,20;0,69;0,00;0,76;0,80;1,00;0,91;0,86;
3.3.2015 20:30;000,8;000,0;;;;;21411;1457278;5513;160930;62;701;0;0;0;0;0;0;0;;0,25;0,50;0,75;0,00;0,00;0,00;14043,00;12486,00;13231,00;0,03;0,04;0,06;;0,25;0,50;0,75;0,00;0,00;0,00;1,50;0,00;0,00;1,78;1,84;1,06;0,38;0,00;0,44;0,46;1,00;0,84;0,82;
3.3.2015 20:45;001,1;000,0;;;;;21411;1457278;5513;160930;62;701;0;0;0;0;0;0;0;;0,50;0,50;1,25;0,00;0,00;0,00;14074,00;12510,00;13250,00;0,05;0,07;0,11;;0,75;0,75;1,25;0,56;0,56;0,00;2,75;0,00;1,12;3,11;3,28;1,38;0,69;0,00;0,78;0,82;1,00;0,88;0,84;
3.3.2015 21:00;001,1;000,0;;;;;21412;1457278;5513;160930;62;701;0;0;0;0;0;0;0;;0,50;0,50;1,25;0,00;0,00;0,00;14086,00;12499,00;13260,00;0,05;0,07;0,11;;0,75;0,75;1,25;0,56;0,56;0,00;2,75;0,00;1,12;3,11;3,28;1,39;0,69;0,00;0,78;0,82;1,00;0,88;0,84;
3.3.2015 21:15;001,2;000,0;;;;;21412;1457278;5513;160930;62;701;0;0;0;0;0;0;0;;0,25;0,50;0,75;0,00;0,00;0,00;14084,00;12543,00;13316,00;0,04;0,04;0,06;;0,25;0,50;0,75;0,00;0,00;0,00;1,75;0,00;0,00;1,86;1,91;0,77;0,44;0,00;0,46;0,48;1,00;0,94;0,92;
3.3.2015 21:30;000,9;000,0;;;;;21412;1457278;5513;160930;62;701;0;0;0;0;0;0;0;;0,50;0,50;1,50;0,00;0,00;0,00;14146,00;12588,00;13341,00;0,05;0,07;0,11;;0,75;0,75;1,50;0,56;0,56;0,00;2,75;0,00;1,12;3,13;3,30;1,43;0,69;0,00;0,78;0,82;1,00;0,88;0,83;
3.3.2015 21:45;001,1;000,0;;;;;21413;1457278;5513;160930;62;701;0;0;0;0;0;0;0;;0,50;0,50;1,25;0,00;0,00;0,00;14093,00;12534,00;13278,00;0,05;0,07;0,11;;0,75;0,75;1,50;0,56;0,56;0,83;2,75;0,00;1,95;3,11;3,28;NaN;0,69;0,00;0,78;0,82;1,00;0,88;0,84;
3.3.2015 22:00;001,2;000,0;;;;;21413;1457278;5513;160930;62;701;0;0;0;0;0;0;0;;2,00;0,75;1,75;0,00;0,00;-0,50;14063,00;12544,00;13297,00;0,15;0,08;0,14;;2,00;1,00;1,75;0,00;0,66;nan;4,75;-0,50;nan;5,08;5,19;NaN;1,19;-0,12;1,27;1,30;0,99;0,94;0,91;
3.3.2015 22:15;001,2;000,0;;;;;21413;1457278;5513;160930;62;701;0;0;0;0;0;0;0;;0,25;0,50;0,75;0,00;0,00;0,00;14081,00;12569,00;13330,00;0,04;0,04;0,06;;0,25;0,50;0,75;0,00;0,00;0,00;1,75;0,00;0,00;1,86;1,91;0,77;0,44;0,00;0,46;0,48;1,00;0,94;0,92;
3.3.2015 22:30;001,4;000,0;;;;;21413;1457278;5513;160930;62;701;0;0;0;0;0;0;0;;0,50;0,75;0,75;0,00;0,00;0,00;14109,00;12575,00;13320,00;0,04;0,07;0,07;;0,50;0,75;0,75;0,00;0,00;0,00;2,25;0,00;0,00;2,34;2,43;0,92;0,56;0,00;0,59;0,61;1,00;0,96;0,93;
3.3.2015 22:45;001,4;000,0;;;;;21414;1457278;5513;160930;62;701;0;0;0;0;0;0;0;;2,00;1,25;1,75;0,00;0,00;-0,50;14138,00;12599,00;13308,00;0,16;0,11;0,15;;2,25;1,25;2,00;1,03;0,00;0,83;5,50;-0,50;1,86;5,61;5,65;NaN;1,38;-0,12;1,40;1,41;1,00;0,98;0,97;
3.3.2015 23:00;001,6;000,0;;;;;21414;1457278;5513;160930;62;701;0;0;0;0;0;0;0;;0,50;1,00;1,50;0,00;0,00;0,00;14192,00;12594,00;13292,00;0,05;0,09;0,12;;0,75;1,00;1,50;0,56;0,00;0,00;3,25;0,00;0,56;3,51;3,70;1,68;0,81;0,00;0,88;0,93;1,00;0,93;0,88;
3.3.2015 23:15;001,2;000,0;;;;;21415;1457278;5513;160930;62;701;0;0;0;0;0;0;0;;0,25;0,50;0,75;0,00;0,00;0,00;14151,00;12599,00;13341,00;0,04;0,04;0,06;;0,25;0,50;0,75;0,00;0,00;0,00;1,75;0,00;0,00;1,86;1,92;0,78;0,44;0,00;0,47;0,48;1,00;0,94;0,91;
3.3.2015 23:30;001,2;000,0;;;;;21415;1457278;5513;160930;62;701;0;0;0;0;0;0;0;;0,50;1,00;1,50;0,00;0,00;0,00;14166,00;12595,00;13287,00;0,05;0,09;0,12;;0,75;1,00;1,50;0,56;0,00;0,00;3,25;0,00;0,56;3,51;3,70;1,67;0,81;0,00;0,88;0,92;1,00;0,93;0,88;
3.3.2015 23:45;001,4;000,0;;;;;21415;1457278;5513;160930;62;701;0;0;0;0;0;0;0;;0,50;1,00;1,50;0,00;0,00;0,00;14159,00;12611,00;13338,00;0,06;0,09;0,12;;0,75;1,00;1,50;0,56;0,00;0,00;3,25;0,00;0,56;3,55;3,72;1,73;0,81;0,00;0,89;0,93;1,00;0,92;0,87;
4.3.2015 00:00;001,4;000,0;;;;;21416;1457278;5513;160930;62;701;0;0;0;0;0;0;0;;1,75;0,75;1,00;0,00;0,00;-0,50;14165,00;12635,00;13377,00;0,14;0,07;0,09;;1,75;0,75;1,25;0,00;0,00;0,56;3,75;-0,50;0,56;4,13;4,23;1,81;0,94;-0,12;1,03;1,06;0,99;0,91;0,89;
4.3.2015 00:15;001,0;000,0;;;;;21416;1457278;5513;160930;62;701;0;0;0;0;0;0;0;;0,25;0,50;0,75;0,00;0,00;0,00;14143,00;12662,00;13426,00;0,04;0,04;0,06;;0,50;0,50;0,75;0,43;0,00;0,00;1,75;0,00;0,43;1,87;1,92;0,67;0,44;0,00;0,47;0,48;1,00;0,94;0,91;
4.3.2015 00:30;001,5;000,0;;;;;21416;1457278;5513;160930;62;701;0;0;0;0;0;0;0;;0,50;1,00;1,50;0,00;0,00;0,00;14205,00;12646,00;13370,00;0,06;0,09;0,12;;0,75;1,00;1,50;0,56;0,00;0,00;3,25;0,00;0,56;3,56;3,73;1,75;0,81;0,00;0,89;0,93;1,00;0,91;0,87;
4.3.2015 00:45;001,4;000,0;;;;;21416;1457278;5513;160930;62;701;0;0;0;0;0;0;0;;0,50;0,75;0,75;0,00;0,00;0,00;14158,00;12635,00;13376,00;0,04;0,07;0,07;;0,50;0,75;0,75;0,00;0,00;0,00;2,25;0,00;0,00;2,35;2,44;0,95;0,56;0,00;0,59;0,61;1,00;0,96;0,92;
4.3.2015 01:00;001,1;000,0;;;;;21417;1457278;5513;160930;62;701;0;0;0;0;0;0;0;;0,50;0,50;1,50;0,00;0,00;0,00;14203,00;12660,00;13368,00;0,05;0,07;0,11;;0,75;0,75;1,50;0,56;0,56;0,00;2,75;0,00;1,12;3,14;3,31;1,46;0,69;0,00;0,78;0,83;1,00;0,88;0,83;
4.3.2015 01:15;001,6;000,0;;;;;21417;1457278;5513;160930;62;701;0;0;0;0;0;0;0;;2,00;1,00;1,00;0,00;0,00;0,00;14197,00;12654,00;13371,00;0,14;0,10;0,10;;2,00;1,25;1,25;0,00;0,75;0,75;4,25;0,00;1,50;4,63;4,68;1,26;1,06;0,00;1,16;1,17;1,00;0,92;0,91;
4.3.2015 01:30;001,7;000,0;;;;;21418;1457278;5513;160930;62;701;0;0;0;0;0;0;0;;0,50;1,00;1,50;0,00;0,00;0,00;14149,00;12656,00;13413,00;0,06;0,09;0,12;;0,75;1,00;1,50;0,56;0,00;0,00;3,25;0,00;0,56;3,56;3,73;1,75;0,81;0,00;0,89;0,93;1,00;0,91;0,87;
4.3.2015 01:45;001,7;000,0;;;;;21418;1457278;5513;160930;62;701;0;0;0;0;0;0;0;;0,50;1,00;1,50;0,00;0,00;0,00;14223,00;12672,00;13387,00;0,06;0,09;0,12;;0,75;1,00;1,50;0,56;0,00;0,00;3,25;0,00;0,56;3,60;3,78;1,86;0,81;0,00;0,90;0,95;1,00;0,90;0,86;
4.3.2015 02:00;001,3;000,0;;;;;21418;1457278;5513;160930;62;701;0;0;0;0;0;0;0;;0,50;1,00;1,50;0,00;0,00;0,00;14179,00;12691,00;13448,00;0,06;0,09;0,12;;0,75;1,00;1,50;0,56;0,00;0,00;3,25;0,00;0,56;3,60;3,79;1,86;0,81;0,00;0,90;0,95;1,00;0,90;0,86;
4.3.2015 02:15;001,3;000,0;;;;;21419;1457278;5513;160930;62;701;0;0;0;0;0;0;0;;0,50;1,00;1,50;0,00;0,00;0,00;14180,00;12678,00;13435,00;0,06;0,09;0,12;;0,75;1,00;1,50;0,56;0,00;0,00;3,25;0,00;0,56;3,60;3,78;1,86;0,81;0,00;0,90;0,95;1,00;0,90;0,86;
4.3.2015 02:30;001,8;000,0;;;;;21419;1457278;5513;160930;62;701;0;0;0;0;0;0;0;;2,00;1,00;1,00;0,00;0,00;0,00;14173,00;12682,00;13409,00;0,15;0,10;0,10;;2,00;1,25;1,25;0,00;0,75;0,75;4,50;0,00;1,50;4,67;4,73;NaN;1,12;0,00;1,17;1,18;1,00;0,96;0,95;
4.3.2015 02:45;002,0;000,0;;;;;21420;1457278;5513;160930;62;701;0;0;0;0;0;0;0;;2,00;1,00;1,00;0,00;0,00;0,00;14200,00;12689,00;13437,00;0,14;0,10;0,10;;2,00;1,25;1,25;0,00;0,75;0,75;4,50;0,00;1,50;4,64;4,69;NaN;1,12;0,00;1,16;1,17;1,00;0,97;0,96;
4.3.2015 03:00;002,0;000,0;;;;;21420;1457278;5513;160930;62;701;0;0;0;0;0;0;0;;2,00;1,00;1,00;0,00;0,00;0,00;14176,00;12697,00;13439,00;0,14;0,10;0,10;;2,00;1,25;1,25;0,00;0,75;0,75;4,50;0,00;1,50;4,64;4,69;NaN;1,12;0,00;1,16;1,17;1,00;0,97;0,96;
4.3.2015 03:15;001,9;000,0;;;;;21421;1457278;5513;160930;62;701;0;0;0;0;0;0;0;;2,00;1,00;1,00;0,00;0,00;0,00;14164,00;12678,00;13427,00;0,14;0,10;0,10;;2,00;1,25;1,25;0,00;0,75;0,75;4,50;0,00;1,50;4,63;4,69;NaN;1,12;0,00;1,16;1,17;1,00;0,97;0,96;
4.3.2015 03:30;001,9;000,0;;;;;21421;1457278;5513;160930;62;701;0;0;0;0;0;0;0;;0,50;1,00;1,50;0,00;0,00;0,00;14180,00;12656,00;13386,00;0,06;0,09;0,12;;0,75;1,00;1,50;0,56;0,00;0,00;3,25;0,00;0,56;3,56;3,73;1,75;0,81;0,00;0,89;0,93;1,00;0,91;0,87;
4.3.2015 03:45;001,8;000,0;;;;;21422;1457278;5513;160930;62;701;0;0;0;0;0;0;0;;2,00;1,00;1,00;0,00;0,00;0,00;14203,00;12679,00;13392,00;0,14;0,10;0,10;;2,00;1,25;1,25;0,00;0,75;0,75;4,25;0,00;1,50;4,63;4,69;1,28;1,06;0,00;1,16;1,17;1,00;0,92;0,91;
4.3.2015 04:00;001,6;000,0;;;;;21422;1457278;5513;160930;62;701;0;0;0;0;0;0;0;;0,50;1,00;1,50;0,00;0,00;0,00;14204,00;12661,00;13405,00;0,06;0,09;0,12;;0,75;1,00;1,50;0,56;0,00;0,00;3,25;0,00;0,56;3,60;3,78;1,85;0,81;0,00;0,90;0,95;1,00;0,90;0,86;
4.3.2015 04:15;001,5;000,0;;;;;21422;1457278;5513;160930;62;701;0;0;0;0;0;0;0;;0,50;1,00;1,50;0,00;0,00;0,00;14142,00;12636,00;13377,00;0,06;0,09;0,12;;0,75;1,00;1,50;0,56;0,00;0,00;3,25;0,00;0,56;3,56;3,73;1,74;0,81;0,00;0,89;0,93;1,00;0,91;0,87;
4.3.2015 04:30;001,4;000,0;;;;;21423;1457278;5513;160930;62;701;0;0;0;0;0;0;0;;0,50;1,00;1,50;0,00;0,00;0,00;14162,00;12633,00;13382,00;0,06;0,09;0,12;;0,75;1,00;1,50;0,56;0,00;0,00;3,25;0,00;0,56;3,56;3,73;1,74;0,81;0,00;0,89;0,93;1,00;0,91;0,87;
4.3.2015 04:45;001,7;000,0;;;;;21423;1457278;5513;160930;62;701;0;0;0;0;0;0;0;;0,50;1,00;1,50;0,00;0,00;0,00;14142,00;12640,00;13382,00;0,06;0,09;0,12;;0,75;1,00;1,50;0,56;0,00;0,00;3,25;0,00;0,56;3,62;3,81;1,90;0,81;0,00;0,91;0,95;1,00;0,90;0,85;
4.3.2015 05:00;001,6;000,0;;;;;21423;1457278;5513;160930;62;701;0;0;0;0;0;0;0;;0,50;1,00;1,50;0,00;0,00;0,00;14123,00;12625,00;13369,00;0,06;0,09;0,12;;0,75;1,00;1,50;0,56;0,00;0,00;3,25;0,00;0,56;3,55;3,72;1,73;0,81;0,00;0,89;0,93;1,00;0,91;0,87;
4.3.2015 05:15;001,6;000,0;;;;;21424;1457278;5513;160930;62;701;0;0;0;0;0;0;0;;0,50;1,00;1,50;0,00;0,00;0,00;14097,00;12609,00;13360,00;0,05;0,09;0,12;;0,75;1,00;1,50;0,56;0,00;0,00;3,25;0,00;0,56;3,51;3,70;1,68;0,81;0,00;0,88;0,92;1,00;0,93;0,88;
4.3.2015 05:30;001,7;000,0;;;;;21424;1457278;5513;160930;62;701;0;0;0;0;0;0;0;;2,00;1,25;1,75;0,00;0,00;-0,50;14117,00;12603,00;13325,00;0,16;0,11;0,15;;2,25;1,25;2,00;1,03;0,00;0,83;5,50;-0,50;1,86;5,61;5,65;NaN;1,38;-0,12;1,40;1,41;1,00;0,98;0,97;
4.3.2015 05:45;001,8;000,0;;;;;21425;1457278;5513;160930;62;701;0;0;0;0;0;0;0;;0,50;1,00;1,50;0,00;0,00;0,00;14056,00;12564,00;13320,00;0,05;0,09;0,12;;0,75;1,00;1,50;0,56;0,00;0,00;3,25;0,00;0,56;3,50;3,69;1,65;0,81;0,00;0,88;0,92;1,00;0,93;0,88;
4.3.2015 06:00;001,5;000,0;;;;;21425;1457278;5513;160930;62;701;0;0;0;0;0;0;0;;0,50;1,00;1,50;0,00;0,00;0,00;14130,00;12563,00;13245,00;0,05;0,09;0,12;;0,75;1,00;1,50;0,56;0,00;0,00;3,25;0,00;0,56;3,50;3,69;1,65;0,81;0,00;0,87;0,92;1,00;0,93;0,88;
4.3.2015 06:15;001,6;000,0;;;;;21426;1457278;5513;160930;62;701;0;0;0;0;0;0;0;;0,50;1,00;1,50;0,00;0,00;0,00;13986,00;12513,00;13228,00;0,05;0,09;0,12;;0,75;1,00;1,50;0,56;0,00;0,00;3,25;0,00;0,56;3,45;3,63;1,51;0,81;0,00;0,86;0,91;1,00;0,94;0,90;
4.3.2015 06:30;001,2;000,0;;;;;21426;1457278;5514;160930;62;701;0;0;0;0;0;0;0;;1,00;0,00;0,50;1,00;0,75;0,00;13943,00;12441,00;13130,00;0,14;0,12;0,10;;2,00;1,25;1,25;1,41;1,00;1,15;1,75;2,00;3,56;4,76;4,80;1,81;0,44;0,50;1,19;1,20;0,41;0,37;0,36;
4.3.2015 06:45;000,1;001,3;;;;;21426;1457278;5514;160931;62;701;0;0;0;0;0;0;0;;-3,50;-3,00;-2,75;1,00;0,00;1,00;13945,00;12435,00;13144,00;0,27;0,26;0,24;;3,75;3,25;3,00;0,90;1,25;0,66;-9,50;2,00;2,81;10,28;10,30;1,98;-2,38;0,50;2,57;2,57;0,98;-0,92;-0,92;
4.3.2015 07:00;000,0;005,2;;;;;21426;1457279;5514;160931;62;701;0;0;0;0;0;0;0;;-7,00;-6,25;-6,00;1,00;0,00;1,25;13981,00;12454,00;13152,00;0,52;0,51;0,49;;7,25;6,25;6,25;1,60;0,00;1,22;-19,75;2,25;2,83;20,17;20,19;2,12;-4,94;0,56;5,04;5,05;0,99;-0,98;-0,98;
4.3.2015 07:15;000,0;016,7;;;;;21426;1457284;5514;160931;62;701;0;0;0;0;0;0;0;;-24,75;-21,50;-22,25;1,00;0,50;3,50;13941,00;12421,00;13092,00;1,78;1,74;1,74;;24,75;21,50;22,50;nan;nan;nan;-68,75;5,25;nan;69,05;69,09;NaN;-17,19;1,31;17,26;17,27;1,00;-1,00;-1,00;
4.3.2015 07:30;000,0;039,5;;;;;21426;1457294;5514;160932;62;701;0;0;0;0;0;0;0;;-34,50;-30,50;-32,50;1,25;1,25;4,75;13901,00;12435,00;13151,00;2,50;2,47;2,50;;34,50;30,50;32,75;nan;nan;nan;-97,75;7,50;nan;98,28;98,36;NaN;-24,44;1,88;24,57;24,59;1,00;-0,99;-0,99;
4.3.2015 07:45;000,0;035,2;;;;;21426;1457302;5514;160933;62;701;0;0;0;0;0;0;0;;-13,00;-11,25;-11,75;0,75;0,00;2,00;13880,00;12390,00;13152,00;0,96;0,92;0,91;;13,25;11,25;11,75;2,45;0,00;nan;-36,25;2,75;nan;36,66;36,68;NaN;-9,06;0,69;9,16;9,17;1,00;-0,99;-0,99;
4.3.2015 08:00;000,0;011,5;;;;;21426;1457305;5514;160933;62;701;0;0;0;0;0;0;0;;-10,75;-9,25;-9,50;0,75;0,00;1,75;13952,00;12417,00;13133,00;0,79;0,76;0,75;;11,00;9,25;9,75;2,21;0,00;1,32;-29,75;2,75;3,53;30,24;30,26;3,27;-7,44;0,69;7,56;7,57;1,00;-0,98;-0,98;
4.3.2015 08:15;000,0;012,8;;;;;21426;1457308;5514;160933;62;701;0;0;0;0;0;0;0;;-10,50;-8,75;-9,00;0,75;0,00;1,75;13842,00;12395,00;13110,00;0,77;0,73;0,72;;10,50;9,00;9,25;nan;2,11;1,22;-28,50;2,75;nan;29,01;29,03;NaN;-7,12;0,69;7,25;7,26;1,00;-0,98;-0,98;
4.3.2015 08:30;000,0;008,6;;;;;21426;1457311;5514;160933;62;701;0;0;0;0;0;0;0;;-8,25;-7,00;-7,00;0,75;0,00;1,50;13833,00;12375,00;13105,00;0,61;0,58;0,56;;8,25;7,00;7,25;nan;0,00;1,15;-22,50;2,50;nan;22,89;22,91;NaN;-5,62;0,62;5,72;5,73;0,99;-0,98;-0,98;
4.3.2015 08:45;000,0;011,6;;;;;21426;1457313;5514;160934;62;701;0;0;0;0;0;0;0;;-15,50;-14,50;-15,00;1,00;1,00;1,75;13831,00;12369,00;13081,00;1,13;1,19;1,17;;15,50;14,50;15,25;nan;nan;2,12;-45,25;3,75;nan;45,59;45,69;NaN;-11,31;0,94;11,40;11,42;1,00;-0,99;-0,99;
4.3.2015 09:00;000,0;025,6;;;;;21426;1457320;5514;160934;62;701;0;0;0;0;0;0;0;;-31,50;-27,50;-28,75;1,50;0,75;4,25;13852,00;12381,00;13115,00;2,28;2,24;2,23;;31,50;27,50;29,25;nan;nan;3,31;-88,00;6,75;nan;88,56;88,63;NaN;-22,00;1,69;22,14;22,16;1,00;-0,99;-0,99;
4.3.2015 09:15;000,0;030,9;;;;;21426;1457328;5514;160935;62;701;0;0;0;0;0;0;0;;-40,00;-35,25;-37,00;2,00;1,25;5,50;13841,00;12387,00;13123,00;2,90;2,86;2,86;;40,00;35,25;37,25;nan;nan;nan;-112,50;9,25;nan;113,10;113,19;NaN;-28,12;2,31;28,27;28,30;1,00;-0,99;-0,99;
4.3.2015 09:30;000,0;044,0;;;;;21426;1457339;5514;160936;62;701;0;0;0;0;0;0;0;;-29,75;-26,25;-27,25;1,50;0,75;4,00;13859,00;12369,00;13099,00;2,16;2,13;2,12;;30,00;26,25;27,75;3,56;nan;3,39;-83,50;6,50;nan;84,12;84,19;NaN;-20,88;1,62;21,03;21,05;1,00;-0,99;-0,99;
4.3.2015 09:45;000,0;032,3;;;;;21426;1457347;5514;160936;62;701;0;0;0;0;0;0;0;;-31,75;-27,75;-28,75;1,50;0,50;4,50;13877,00;12361,00;13067,00;2,29;2,25;2,24;;31,75;27,75;29,00;nan;nan;nan;-88,25;6,75;nan;88,80;88,87;NaN;-22,06;1,69;22,20;22,22;1,00;-0,99;-0,99;
4.3.2015 10:00;000,0;031,8;;;;;21426;1457355;5514;160937;62;701;0;0;0;0;0;0;0;;-25,50;-22,25;-23,00;1,25;0,50;3,50;13847,00;12350,00;13065,00;1,84;1,81;1,79;;25,50;22,25;23,25;nan;nan;nan;-71,00;5,25;nan;71,35;71,41;NaN;-17,75;1,31;17,84;17,85;1,00;-1,00;-0,99;
4.3.2015 10:15;000,0;037,4;;;;;21426;1457364;5514;160938;62;701;0;0;0;0;0;0;0;;-30,75;-27,00;-28,00;1,50;0,75;4,25;13874,00;12384,00;13109,00;2,23;2,20;2,18;;31,00;27,00;28,50;3,63;nan;3,19;-86,25;6,75;nan;86,80;86,87;NaN;-21,56;1,69;21,70;21,72;1,00;-0,99;-0,99;
4.3.2015 10:30;000,0;037,0;;;;;21426;1457373;5514;160938;62;701;0;0;0;0;0;0;0;;-37,75;-33,25;-34,50;2,00;1,00;5,25;13909,00;12402,00;13122,00;2,73;2,69;2,68;;37,75;33,25;35,00;nan;nan;2,68;-105,75;8,50;nan;106,36;106,46;NaN;-26,44;2,12;26,59;26,61;1,00;-0,99;-0,99;
4.3.2015 10:45;000,0;021,0;;;;;21426;1457378;5514;160939;62;701;0;0;0;0;0;0;0;;-17,75;-15,50;-16,00;1,00;0,00;2,50;13893,00;12393,00;13111,00;1,29;1,26;1,25;;17,75;15,50;16,25;nan;0,00;1,35;-49,50;3,50;nan;49,89;49,93;NaN;-12,38;0,88;12,47;12,48;1,00;-0,99;-0,99;
4.3.2015 11:00;000,0;024,1;;;;;21426;1457385;5514;160939;62;701;0;0;0;0;0;0;0;;-21,00;-18,25;-18,75;1,25;0,00;2,75;13911,00;12422,00;13110,00;1,52;1,49;1,47;;21,00;18,25;19,00;nan;0,00;1,37;-58,50;4,25;nan;58,79;58,84;NaN;-14,62;1,06;14,70;14,71;1,00;-1,00;-0,99;
4.3.2015 11:15;000,0;029,5;;;;;21426;1457392;5514;160940;62;701;0;0;0;0;0;0;0;;-25,25;-22,25;-23,00;1,25;0,50;3,25;13886,00;12430,00;13090,00;1,84;1,81;1,78;;25,25;22,25;23,25;nan;nan;1,00;-70,75;5,25;nan;71,28;71,34;NaN;-17,69;1,31;17,82;17,83;1,00;-0,99;-0,99;
4.3.2015 11:30;000,0;029,7;;;;;21426;1457399;5514;160940;62;701;0;0;0;0;0;0;0;;-25,00;-22,25;-22,75;1,25;0,50;3,25;13879,00;12448,00;13086,00;1,82;1,79;1,77;;25,25;22,25;23,00;3,32;nan;0,94;-70,25;5,25;nan;70,67;70,72;NaN;-17,56;1,31;17,67;17,68;1,00;-0,99;-0,99;
4.3.2015 11:45;000,0;026,8;;;;;21426;1457406;5514;160941;62;701;0;0;0;0;0;0;0;;-21,00;-18,50;-19,00;1,25;0,00;2,75;13871,00;12426,00;13037,00;1,52;1,49;1,47;;21,00;18,50;19,25;nan;0,00;1,41;-58,50;4,00;nan;58,89;58,93;NaN;-14,62;1,00;14,72;14,73;1,00;-0,99;-0,99;
4.3.2015 12:00;000,0;035,1;;;;;21426;1457415;5514;160942;62;701;0;0;0;0;0;0;0;;-50,50;-45,00;-46,50;3,25;2,00;7,25;13889,00;12471,00;13101,00;3,66;3,63;3,61;;50,75;45,25;47,25;3,84;4,31;4,21;-142,50;12,75;12,36;143,33;143,45;NaN;-35,62;3,19;35,83;35,86;1,00;-0,99;-0,99;
4.3.2015 12:15;000,0;059,0;;;;;21426;1457430;5514;160943;62;701;0;0;0;0;0;0;0;;-48,50;-43,25;-45,25;2,50;1,75;6,50;13906,00;12456,00;13105,00;3,51;3,49;3,49;;48,75;43,25;45,75;4,25;nan;1,80;-137,25;11,00;nan;138,05;138,18;NaN;-34,31;2,75;34,51;34,54;1,00;-0,99;-0,99;
4.3.2015 12:30;000,0;049,7;;;;;21426;1457442;5514;160944;62;701;0;0;0;0;0;0;0;;-42,75;-37,75;-39,00;2,50;1,25;6,00;13920,00;12433,00;13103,00;3,08;3,05;3,02;;42,75;37,75;39,50;nan;nan;1,80;-119,50;10,00;nan;120,27;120,37;NaN;-29,88;2,50;30,07;30,09;1,00;-0,99;-0,99;
4.3.2015 12:45;000,0;055,3;;;;;21426;1457456;5514;160945;62;701;0;0;0;0;0;0;0;;-33,75;-29,75;-31,25;1,50;1,00;4,50;13896,00;12409,00;13108,00;2,43;2,41;2,42;;33,75;29,75;31,50;nan;nan;nan;-95,00;7,25;nan;95,43;95,52;NaN;-23,75;1,81;23,86;23,88;1,00;-1,00;-0,99;
4.3.2015 13:00;000,0;034,0;;;;;21426;1457464;5514;160946;62;701;0;0;0;0;0;0;0;;-22,50;-19,75;-20,25;1,25;0,00;3,25;13933,00;12423,00;13109,00;1,63;1,59;1,58;;22,50;19,75;20,50;nan;0,00;nan;-62,75;4,50;nan;63,18;63,22;NaN;-15,69;1,12;15,79;15,80;1,00;-0,99;-0,99;
4.3.2015 13:15;000,0;053,1;;;;;21426;1457478;5514;160947;62;701;0;0;0;0;0;0;0;;-64,25;-57,25;-59,75;3,50;2,50;8,75;13880,00;12414,00;13114,00;4,63;4,62;4,62;;64,25;57,25;60,50;nan;nan;3,69;-181,50;15,25;nan;182,40;182,58;NaN;-45,38;3,81;45,60;45,65;1,00;-1,00;-0,99;
4.3.2015 13:30;000,0;094,0;;;;;21426;1457501;5514;160949;62;701;0;0;0;0;0;0;0;;-91,00;-80,50;-84,25;5,25;3,75;13,25;13957,00;12438,00;13118,00;6,54;6,49;6,51;;91,00;80,50;85,25;nan;nan;nan;-255,75;22,25;nan;257,27;257,52;NaN;-63,94;5,56;64,32;64,38;1,00;-0,99;-0,99;
4.3.2015 13:45;000,0;159,0;;;;;21426;1457541;5514;160953;62;701;0;0;0;0;0;0;0;;-96,75;-85,75;-90,25;5,75;4,25;14,25;14008,00;12491,00;13194,00;6,93;6,89;6,93;;97,00;86,00;91,25;3,92;4,99;nan;-273,00;24,25;nan;274,58;274,85;NaN;-68,25;6,06;68,64;68,71;1,00;-0,99;-0,99;
4.3.2015 14:00;000,0;242,6;;;;;21426;1457603;5514;160961;62;701;0;0;0;0;0;0;0;;-230,25;-205,25;-213,25;23,25;18,00;41,50;14080,00;12557,00;13213,00;16,44;16,43;16,45;;231,50;206,25;217,25;6,05;9,35;nan;-649,25;83,00;nan;655,25;655,96;NaN;-162,31;20,75;163,81;163,99;0,99;-0,99;-0,99;
4.3.2015 14:15;000,0;251,0;;;;;21426;1457665;5514;160969;62;701;0;0;0;0;0;0;0;;-216,00;-193,25;-202,75;19,25;17,50;37,75;14075,00;12569,00;13279,00;15,41;15,44;15,55;;216,75;194,00;206,50;nan;nan;10,47;-612,25;74,50;nan;617,48;618,17;NaN;-153,06;18,62;154,37;154,54;0,99;-0,99;-0,99;
4.3.2015 14:30;000,0;236,7;;;;;21426;1457724;5514;160976;62;701;0;0;0;0;0;0;0;;-208,50;-186,75;-195,75;18,50;16,00;35,50;14020,00;12569,00;13303,00;14,94;14,92;14,96;;209,50;187,50;199,00;8,70;4,97;4,76;-591,25;70,25;18,44;596,03;596,61;33,07;-147,81;17,56;149,01;149,15;0,99;-0,99;-0,99;
4.3.2015 14:45;000,0;216,5;;;;;21426;1457779;5514;160982;62;701;0;0;0;0;0;0;0;;-198,25;-176,50;-184,75;17,00;14,00;33,75;14008,00;12518,00;13245,00;14,21;14,16;14,20;;199,00;177,25;188,00;2,99;8,33;8,51;-559,75;65,00;19,82;564,35;564,91;34,46;-139,94;16,25;141,09;141,23;0,99;-0,99;-0,99;
4.3.2015 15:00;000,0;182,7;;;;;21426;1457824;5514;160987;62;701;0;0;0;0;0;0;0;;-181,25;-161,00;-169,00;13,75;11,50;30,00;14048,00;12528,00;13271,00;12,95;12,90;12,94;;181,75;161,50;171,75;nan;5,39;6,09;-511,50;55,75;nan;515,30;515,82;NaN;-127,88;13,94;128,82;128,95;0,99;-0,99;-0,99;
4.3.2015 15:15;000,0;173,8;;;;;21426;1457867;5514;160992;62;701;0;0;0;0;0;0;0;;-139,75;-124,00;-131,25;8,50;8,00;21,25;14019,00;12499,00;13277,00;9,99;9,96;10,03;;140,00;124,25;133,00;nan;nan;3,30;-395,25;38,00;nan;397,68;398,09;NaN;-98,81;9,50;99,42;99,52;1,00;-0,99;-0,99;
4.3.2015 15:30;000,0;164,9;;;;;21426;1457909;5514;160996;62;701;0;0;0;0;0;0;0;;-141,50;-126,25;-133,00;9,25;8,25;21,50;13966,00;12487,00;13248,00;10,16;10,15;10,19;;141,75;126,75;135,00;nan;7,64;8,59;-401,25;39,25;nan;403,70;404,11;NaN;-100,31;9,81;100,93;101,03;1,00;-0,99;-0,99;
4.3.2015 15:45;000,0;144,6;;;;;21426;1457944;5514;160999;62;701;0;0;0;0;0;0;0;;-110,75;-98,75;-104,75;6,25;6,25;16,25;13978,00;12448,00;13224,00;7,94;7,96;8,03;;110,75;99,00;106,25;nan;3,22;7,24;-314,50;28,75;nan;316,33;316,70;NaN;-78,62;7,19;79,08;79,17;1,00;-0,99;-0,99;
4.3.2015 16:00;000,0;105,0;;;;;21426;1457970;5514;161002;62;701;0;0;0;0;0;0;0;;-58,00;-51,75;-54,00;3,50;2,25;8,25;13941,00;12424,00;13192,00;4,18;4,18;4,15;;58,25;51,75;54,75;4,10;nan;3,67;-164,00;14,25;nan;164,95;165,14;NaN;-41,00;3,56;41,24;41,28;1,00;-0,99;-0,99;
4.3.2015 16:15;000,0;043,1;;;;;21426;1457981;5514;161002;62;701;0;0;0;0;0;0;0;;-44,50;-39,75;-41,25;2,50;1,50;6,25;13924,00;12438,00;13242,00;3,22;3,20;3,16;;44,75;39,75;41,75;4,01;nan;1,56;-125,75;10,50;nan;126,41;126,54;NaN;-31,44;2,62;31,60;31,64;1,00;-0,99;-0,99;
4.3.2015 16:30;000,0;057,7;;;;;21426;1457996;5514;161004;62;701;0;0;0;0;0;0;0;;-33,00;-29,50;-30,50;2,00;1,25;4,50;13944,00;12474,00;13262,00;2,39;2,38;2,34;;33,25;29,50;30,75;3,54;nan;nan;-93,25;8,00;nan;93,88;93,98;NaN;-23,31;2,00;23,47;23,49;1,00;-0,99;-0,99;
4.3.2015 16:45;000,0;019,3;;;;;21426;1458000;5514;161004;62;701;0;0;0;0;0;0;0;;-11,50;-10,00;-10,00;1,00;0,00;1,75;13878,00;12418,00;13220,00;0,83;0,81;0,77;;11,50;10,00;10,25;nan;0,00;1,41;-31,50;2,75;nan;31,89;31,92;NaN;-7,88;0,69;7,97;7,98;1,00;-0,99;-0,99;
4.3.2015 17:00;000,0;009,4;;;;;21426;1458003;5514;161004;62;701;0;0;0;0;0;0;0;;-6,00;-5,00;-4,75;1,00;0,00;1,25;13949,00;12461,00;13212,00;0,44;0,42;0,38;;6,00;5,00;5,00;nan;0,00;0,94;-16,00;2,25;nan;16,46;16,49;NaN;-4,00;0,56;4,11;4,12;0,99;-0,97;-0,97;
4.3.2015 17:15;000,0;004,2;;;;;21426;1458004;5514;161004;62;701;0;0;0;0;0;0;0;;-2,25;-1,75;-1,50;0,75;0,25;0,75;13936,00;12427,00;13179,00;0,18;0,16;0,16;;2,50;2,00;2,00;0,79;0,94;1,09;-5,75;2,25;2,82;6,60;6,61;NaN;-1,44;0,56;1,65;1,65;0,92;-0,87;-0,87;
4.3.2015 17:30;000,1;000,7;;;;;21426;1458004;5514;161005;62;701;0;0;0;0;0;0;0;;0,25;0,25;1,00;1,00;0,00;0,50;13874,00;12412,00;13166,00;0,12;0,10;0,13;;1,50;1,00;1,50;1,09;0,97;1,00;1,75;1,75;3,06;4,55;4,57;2,32;0,44;0,44;1,14;1,14;0,54;0,38;0,38;
4.3.2015 17:45;000,9;000,0;;;;;21426;1458004;5514;161005;62;701;0;0;0;0;0;0;0;;0,50;0,50;1,25;0,00;0,00;0,00;13890,00;12402,00;13197,00;0,05;0,07;0,11;;0,75;0,75;1,25;0,56;0,56;0,00;2,75;0,00;1,12;3,02;3,18;1,14;0,69;0,00;0,75;0,79;1,00;0,91;0,86;
4.3.2015 18:00;000,9;000,0;;;;;21426;1458004;5514;161005;62;701;0;0;0;0;0;0;0;;0,50;0,50;1,25;0,00;0,00;0,00;13963,00;12412,00;13163,00;0,05;0,07;0,11;;0,75;0,75;1,25;0,56;0,56;0,00;2,75;0,00;1,12;3,02;3,18;1,15;0,69;0,00;0,75;0,80;1,00;0,91;0,86;
4.3.2015 18:15;000,9;000,0;;;;;21427;1458004;5514;161005;62;701;0;0;0;0;0;0;0;;0,25;0,25;0,75;0,00;0,00;0,00;13880,00;12409,00;13192,00;0,03;0,04;0,06;;0,25;0,50;0,75;0,00;0,43;0,00;1,50;0,00;0,43;1,77;1,82;0,94;0,38;0,00;0,44;0,46;1,00;0,85;0,82;
4.3.2015 18:30;001,1;000,0;;;;;21427;1458004;5514;161005;62;701;0;0;0;0;0;0;0;;0,50;0,75;0,75;0,00;0,00;0,00;13845,00;12382,00;13175,00;0,04;0,07;0,06;;0,50;0,75;0,75;0,00;0,00;0,00;2,00;0,00;0,00;2,28;2,36;1,25;0,50;0,00;0,57;0,59;1,00;0,88;0,85;
4.3.2015 18:45;001,1;000,0;;;;;21427;1458004;5514;161005;62;701;0;0;0;0;0;0;0;;0,50;1,00;1,50;0,00;0,00;0,00;13863,00;12396,00;13153,00;0,05;0,09;0,12;;0,75;1,00;1,50;0,56;0,00;0,00;3,25;0,00;0,56;3,42;3,60;1,44;0,81;0,00;0,86;0,90;1,00;0,95;0,90;
4.3.2015 19:00;001,1;000,0;;;;;21427;1458004;5514;161005;62;701;0;0;0;0;0;0;0;;0,25;0,25;0,75;0,00;0,00;0,00;13888,00;12399,00;13167,00;0,03;0,04;0,06;;0,25;0,50;0,75;0,00;0,43;0,00;1,50;0,00;0,43;1,77;1,82;0,94;0,38;0,00;0,44;0,46;1,00;0,85;0,82;
4.3.2015 19:15;000,9;000,0;;;;;21428;1458004;5514;161005;62;701;0;0;0;0;0;0;0;;0,50;0,50;1,25;0,00;0,00;0,00;13899,00;12403,00;13179,00;0,05;0,07;0,11;;0,50;0,75;1,25;0,00;0,56;0,00;2,50;0,00;0,56;3,02;3,18;1,88;0,62;0,00;0,75;0,79;1,00;0,83;0,79;
4.3.2015 19:30;001,0;000,0;;;;;21428;1458004;5514;161005;62;701;0;0;0;0;0;0;0;;0,50;0,50;1,25;0,00;0,00;0,00;13929,00;12413,00;13162,00;0,05;0,07;0,11;;0,75;0,75;1,25;0,56;0,56;0,00;2,50;0,00;1,12;3,02;3,18;1,62;0,62;0,00;0,75;0,80;1,00;0,83;0,79;
4.3.2015 19:45;001,0;000,0;;;;;21428;1458004;5514;161005;62;701;0;0;0;0;0;0;0;;0,25;0,25;0,75;0,00;0,00;0,00;13917,00;12425,00;13168,00;0,03;0,04;0,06;;0,25;0,50;0,75;0,00;0,43;0,00;1,50;0,00;0,43;1,77;1,83;0,95;0,38;0,00;0,44;0,46;1,00;0,85;0,82;
4.3.2015 20:00;001,2;000,0;;;;;21428;1458004;5514;161005;62;701;0;0;0;0;0;0;0;;0,50;1,00;1,50;0,00;0,00;0,00;13917,00;12440,00;13186,00;0,05;0,09;0,12;;0,75;1,00;1,50;0,56;0,00;0,00;3,25;0,00;0,56;3,43;3,61;1,47;0,81;0,00;0,86;0,90;1,00;0,95;0,90;
4.3.2015 20:15;001,1;000,0;;;;;21429;1458004;5514;161005;62;701;0;0;0;0;0;0;0;;0,50;1,00;1,50;0,00;0,00;0,00;13909,00;12421,00;13196,00;0,05;0,09;0,12;;0,75;1,00;1,50;0,56;0,00;0,00;3,25;0,00;0,56;3,43;3,61;1,46;0,81;0,00;0,86;0,90;1,00;0,95;0,90;
4.3.2015 20:30;001,5;000,0;;;;;21429;1458004;5514;161005;62;701;0;0;0;0;0;0;0;;0,50;0,75;0,75;0,00;0,00;0,00;13936,00;12400,00;13155,00;0,04;0,07;0,06;;0,50;0,75;0,75;0,00;0,00;0,00;2,25;0,00;0,00;2,28;2,36;0,72;0,56;0,00;0,57;0,59;1,00;0,99;0,95;
4.3.2015 20:45;001,1;000,0;;;;;21429;1458004;5514;161005;62;701;0;0;0;0;0;0;0;;2,00;0,75;1,75;0,00;0,00;-0,50;13930,00;12409,00;13169,00;0,15;0,08;0,14;;2,00;0,75;1,75;0,00;0,00;nan;4,75;-0,50;nan;5,00;5,12;NaN;1,19;-0,12;1,25;1,28;0,99;0,95;0,93;
4.3.2015 21:00;001,4;000,0;;;;;21430;1458004;5514;161005;62;701;0;0;0;0;0;0;0;;0,25;0,50;0,75;0,00;0,00;0,00;13914,00;12456,00;13239,00;0,03;0,04;0,06;;0,25;0,50;0,75;0,00;0,00;0,00;1,50;0,00;0,00;1,77;1,83;1,05;0,38;0,00;0,44;0,46;1,00;0,85;0,82;
4.3.2015 21:15;001,1;000,0;;;;;21430;1458004;5514;161005;62;701;0;0;0;0;0;0;0;;2,00;0,75;1,75;0,00;0,00;-0,50;13916,00;12452,00;13250,00;0,15;0,08;0,14;;2,00;0,75;1,75;0,00;0,00;nan;4,75;-0,50;nan;5,04;5,15;NaN;1,19;-0,12;1,26;1,29;0,99;0,94;0,92;
4.3.2015 21:30;001,8;000,0;;;;;21430;1458004;5514;161005;62;701;0;0;0;0;0;0;0;;0,50;1,00;1,50;0,00;0,00;0,00;13969,00;12484,00;13240,00;0,05;0,09;0,12;;0,75;1,00;1,50;0,56;0,00;0,00;3,25;0,00;0,56;3,45;3,62;1,50;0,81;0,00;0,86;0,91;1,00;0,94;0,90;
4.3.2015 21:45;001,7;000,0;;;;;21431;1458004;5514;161005;62;701;0;0;0;0;0;0;0;;0,50;0,75;0,75;0,00;0,00;0,00;14008,00;12493,00;13225,00;0,04;0,07;0,06;;0,50;0,75;0,75;0,00;0,00;0,00;2,25;0,00;0,00;2,29;2,38;0,77;0,56;0,00;0,57;0,59;1,00;0,98;0,95;
4.3.2015 22:00;001,4;000,0;;;;;21431;1458004;5514;161005;62;701;0;0;0;0;0;0;0;;2,00;0,75;1,75;0,00;0,00;-0,50;13950,00;12488,00;13261,00;0,15;0,08;0,14;;2,00;1,00;1,75;0,00;0,66;nan;4,75;-0,50;nan;5,05;5,17;NaN;1,19;-0,12;1,26;1,29;0,99;0,94;0,92;
4.3.2015 22:15;001,6;000,0;;;;;21432;1458004;5514;161005;62;701;0;0;0;0;0;0;0;;0,50;0,50;1,25;0,00;0,00;0,00;13980,00;12487,00;13236,00;0,05;0,07;0,11;;0,75;0,75;1,25;0,56;0,56;0,00;2,75;0,00;1,12;3,03;3,20;1,19;0,69;0,00;0,76;0,80;1,00;0,91;0,86;
4.3.2015 22:30;001,7;000,0;;;;;21432;1458004;5514;161005;62;701;0;0;0;0;0;0;0;;1,75;0,75;1,00;0,00;0,00;-0,50;13995,00;12524,00;13278,00;0,14;0,07;0,09;;1,75;0,75;1,25;0,00;0,00;0,56;3,75;-0,50;0,56;4,09;4,19;1,71;0,94;-0,12;1,02;1,05;0,99;0,92;0,89;
4.3.2015 22:45;001,8;000,0;;;;;21432;1458004;5514;161005;62;701;0;0;0;0;0;0;0;;0,50;1,00;1,50;0,00;0,00;0,00;13964,00;12523,00;13282,00;0,05;0,09;0,12;;0,75;1,00;1,50;0,56;0,00;0,00;3,25;0,00;0,56;3,49;3,67;1,61;0,81;0,00;0,87;0,92;1,00;0,93;0,89;
4.3.2015 23:00;001,9;000,0;;;;;21433;1458004;5514;161005;62;701;0;0;0;0;0;0;0;;2,00;0,75;1,75;0,00;0,00;-0,50;14039,00;12518,00;13234,00;0,15;0,08;0,14;;2,00;1,00;1,75;0,00;0,66;nan;4,75;-0,50;nan;5,06;5,18;NaN;1,19;-0,12;1,27;1,29;0,99;0,94;0,92;
4.3.2015 23:15;001,7;000,0;;;;;21433;1458004;5514;161005;62;701;0;0;0;0;0;0;0;;2,00;0,75;1,75;0,00;0,00;-0,50;13948,00;12539,00;13291,00;0,15;0,08;0,14;;2,00;1,00;1,75;0,00;0,66;nan;4,75;-0,50;nan;5,06;5,18;NaN;1,19;-0,12;1,26;1,29;0,99;0,94;0,92;
4.3.2015 23:30;001,7;000,0;;;;;21434;1458004;5514;161005;62;701;0;0;0;0;0;0;0;;2,00;1,25;1,75;0,00;0,00;-0,50;14035,00;12541,00;13270,00;0,16;0,11;0,15;;2,00;1,25;1,75;0,00;0,00;nan;5,25;-0,50;nan;5,52;5,55;NaN;1,31;-0,12;1,38;1,39;1,00;0,95;0,95;
4.3.2015 23:45;002,0;000,0;;;;;21434;1458004;5514;161005;62;701;0;0;0;0;0;0;0;;2,00;1,25;1,75;0,00;0,00;-0,50;14048,00;12560,00;13306,00;0,16;0,11;0,15;;2,00;1,25;1,75;0,00;0,00;nan;5,25;-0,50;nan;5,56;5,60;NaN;1,31;-0,12;1,39;1,40;1,00;0,94;0,94;
5.3.2015 00:00;001,9;000,0;;;;;21435;1458004;5514;161005;62;701;0;0;0;0;0;0;0;;2,00;1,00;1,00;0,00;0,00;0,00;14020,00;12541,00;13268,00;0,14;0,10;0,10;;2,00;1,00;1,25;0,00;0,00;0,75;4,25;0,00;0,75;4,55;4,61;1,61;1,06;0,00;1,14;1,15;1,00;0,93;0,92;
5.3.2015 00:15;001,6;000,0;;;;;21435;1458004;5514;161005;62;701;0;0;0;0;0;0;0;;0,50;1,00;1,50;0,00;0,00;0,00;14004,00;12578,00;13331,00;0,05;0,09;0,12;;0,75;1,00;1,50;0,56;0,00;0,00;3,25;0,00;0,56;3,50;3,69;1,64;0,81;0,00;0,88;0,92;1,00;0,93;0,88;
5.3.2015 00:30;001,3;000,0;;;;;21435;1458004;5514;161005;62;701;0;0;0;0;0;0;0;;0,50;1,00;1,50;0,00;0,00;0,00;14069,00;12576,00;13306,00;0,05;0,09;0,12;;0,75;1,00;1,50;0,56;0,00;0,00;3,25;0,00;0,56;3,50;3,69;1,65;0,81;0,00;0,88;0,92;1,00;0,93;0,88;
5.3.2015 00:45;001,7;000,0;;;;;21436;1458004;5514;161005;62;701;0;0;0;0;0;0;0;;2,00;1,00;1,00;0,00;0,00;0,00;14055,00;12566,00;13302,00;0,14;0,10;0,10;;2,00;1,00;1,25;0,00;0,00;0,75;4,25;0,00;0,75;4,56;4,62;1,64;1,06;0,00;1,14;1,15;1,00;0,93;0,92;
5.3.2015 01:00;001,5;000,0;;;;;21436;1458004;5514;161005;62;701;0;0;0;0;0;0;0;;0,50;1,00;1,50;0,00;0,00;0,00;14020,00;12574,00;13317,00;0,05;0,09;0,12;;0,75;1,00;1,50;0,56;0,00;0,00;3,25;0,00;0,56;3,50;3,69;1,64;0,81;0,00;0,88;0,92;1,00;0,93;0,88;
5.3.2015 01:15;001,5;000,0;;;;;21437;1458004;5514;161005;62;701;0;0;0;0;0;0;0;;0,50;1,00;1,50;0,00;0,00;0,00;14049,00;12583,00;13333,00;0,05;0,09;0,12;;0,75;1,00;1,50;0,56;0,00;0,00;3,25;0,00;0,56;3,51;3,69;1,66;0,81;0,00;0,88;0,92;1,00;0,93;0,88;
