Cas;P+;P-;Q1;Q2;Q3;Q4;A+;A-;AQ1;AQ2;AQ3;AQ4;S;AP1;AP2;AP3;D1;D2;D3;;P1;P2;P3;Q1;Q2;Q3;U1;U2;U3;I1;I2;I3;;S1;S2;S3;D1;D2;D3;P;Q;D;Sa;Sr;N;AP++;AQ++;Asa++;Asr++;cosFi;P/Sa;P/Sr
 ;"1.5";"2.5";"5.5";"6.5";"7.5";"8.5";"1.8";"2.8";"5.8";"6.8";"7.8";"8.8";"9.8";"21.8";"41.8";"61.8";"181.5";"182.5";"183.5"
 ;[kW];[kW];[kvar];[kvar];[kvar];[kvar];[kWh];[kWh];[kvarh];[kvarh];[kvarh];[kvarh];[kVAh];[kWh];[kWh];[kWh];[kvar];[kvar];[kvar]; ;[kW];[kW];[kW];[kvar];[kvar];[kvar];[V];[V];[V];[A];[A];[A]; ;[kVA];[kVA];[kVA];[kvar];[kvar];kvar];[kW];[kvar];[kvar];[kVAh];[kVAh];[kvar];[kWh];[kvarh];[kVAh];[kVAh]
1.4.2015 00:00;001,2;000,0;;;;;21753;1495817;5571;165321;62;708;0;0;0;0;0;0;0;;0,50;0,75;0,75;0,00;0,00;0,00;14138,00;12648,00;13439,00;0,04;0,07;0,07;;0,50;0,75;0,75;0,00;0,00;0,00;2,25;0,00;0,00;2,36;2,44;0,96;0,56;0,00;0,59;0,61;1,00;0,95;0,92;
1.4.2015 00:15;001,2;000,0;;;;;21754;1495817;5571;165321;62;708;0;0;0;0;0;0;0;;0,50;1,00;1,50;0,00;0,00;0,00;14081,00;12645,00;13455,00;0,06;0,09;0,12;;0,75;1,00;1,50;0,56;0,00;0,00;3,25;0,00;0,56;3,56;3,73;1,74;0,81;0,00;0,89;0,93;1,00;0,91;0,87;
1.4.2015 00:30;001,2;000,0;;;;;21754;1495817;5571;165321;62;708;0;0;0;0;0;0;0;;0,50;1,00;1,50;0,00;0,00;0,00;14104,00;12636,00;13433,00;0,06;0,09;0,12;;0,75;1,00;1,50;0,56;0,00;0,00;3,25;0,00;0,56;3,56;3,73;1,74;0,81;0,00;0,89;0,93;1,00;0,91;0,87;
1.4.2015 00:45;001,2;000,0;;;;;21754;1495817;5571;165321;62;708;0;0;0;0;0;0;0;;0,50;1,00;1,50;0,00;0,00;0,00;14197,00;12628,00;13431,00;0,06;0,09;0,12;;0,75;1,00;1,50;0,56;0,00;0,00;3,25;0,00;0,56;3,60;3,78;1,85;0,81;0,00;0,90;0,95;1,00;0,90;0,86;
1.4.2015 01:00;001,2;000,0;;;;;21754;1495817;5571;165321;62;708;0;0;0;0;0;0;0;;0,50;0,75;0,75;0,00;0,00;0,00;14143,00;12611,00;13434,00;0,04;0,07;0,07;;0,50;0,75;0,75;0,00;0,00;0,00;2,25;0,00;0,00;2,36;2,44;0,95;0,56;0,00;0,59;0,61;1,00;0,96;0,92;
1.4.2015 01:15;001,2;000,0;;;;;21755;1495817;5571;165321;62;708;0;0;0;0;0;0;0;;0,50;1,00;1,50;0,00;0,00;0,00;14110,00;12624,00;13442,00;0,06;0,09;0,12;;0,75;1,00;1,50;0,56;0,00;0,00;3,25;0,00;0,56;3,56;3,73;1,74;0,81;0,00;0,89;0,93;1,00;0,91;0,87;
1.4.2015 01:30;001,2;000,0;;;;;21755;1495817;5571;165321;62;708;0;0;0;0;0;0;0;;0,50;1,00;1,50;0,00;0,00;0,00;14181,00;12636,00;13458,00;0,06;0,09;0,12;;0,75;1,00;1,50;0,56;0,00;0,00;3,25;0,00;0,56;3,57;3,74;1,76;0,81;0,00;0,89;0,93;1,00;0,91;0,87;
1.4.2015 01:45;001,2;000,0;;;;;21755;1495817;5571;165321;62;708;0;0;0;0;0;0;0;;0,50;1,00;1,50;0,00;0,00;0,00;14153,00;12638,00;13464,00;0,06;0,09;0,12;;0,75;1,00;1,50;0,56;0,00;0,00;3,25;0,00;0,56;3,57;3,74;1,76;0,81;0,00;0,89;0,93;1,00;0,91;0,87;
1.4.2015 02:00;001,3;000,0;;;;;21756;1495817;5571;165321;62;708;0;0;0;0;0;0;0;;0,50;1,00;1,50;0,00;0,00;0,00;14072,00;12627,00;13593,00;0,06;0,09;0,12;;0,75;1,00;1,50;0,56;0,00;0,00;3,25;0,00;0,56;3,61;3,77;1,83;0,81;0,00;0,90;0,94;1,00;0,90;0,86;
1.4.2015 02:15;001,2;000,0;;;;;21756;1495817;5571;165321;62;708;0;0;0;0;0;0;0;;0,50;1,00;1,50;0,00;0,00;0,00;14043,00;12649,00;13615,00;0,06;0,09;0,12;;0,75;1,00;1,50;0,56;0,00;0,00;3,25;0,00;0,56;3,65;3,82;1,92;0,81;0,00;0,91;0,95;1,00;0,89;0,85;
1.4.2015 02:30;001,2;000,0;;;;;21756;1495817;5571;165321;62;708;0;0;0;0;0;0;0;;0,50;0,75;0,75;0,00;0,00;0,00;14084,00;12630,00;13595,00;0,04;0,07;0,07;;0,50;0,75;0,75;0,00;0,00;0,00;2,25;0,00;0,00;2,37;2,45;0,97;0,56;0,00;0,59;0,61;1,00;0,95;0,92;
1.4.2015 02:45;001,3;000,0;;;;;21757;1495817;5571;165321;62;708;0;0;0;0;0;0;0;;0,50;1,00;1,50;0,00;0,00;0,00;14076,00;12622,00;13581,00;0,06;0,09;0,12;;0,75;1,00;1,50;0,56;0,00;0,00;3,25;0,00;0,56;3,58;3,74;1,76;0,81;0,00;0,89;0,93;1,00;0,91;0,87;
1.4.2015 03:00;001,2;000,0;;;;;21757;1495817;5571;165321;62;708;0;0;0;0;0;0;0;;0,50;1,00;1,50;0,00;0,00;0,00;14088,00;12637,00;13618,00;0,06;0,09;0,12;;0,75;1,00;1,50;0,56;0,00;0,00;3,25;0,00;0,56;3,65;3,82;1,93;0,81;0,00;0,91;0,96;1,00;0,89;0,85;
1.4.2015 03:15;001,2;000,0;;;;;21757;1495817;5571;165321;62;708;0;0;0;0;0;0;0;;0,50;1,00;1,50;0,00;0,00;0,00;14039,00;12645,00;13620,00;0,06;0,09;0,12;;0,75;1,00;1,50;0,56;0,00;0,00;3,25;0,00;0,56;3,65;3,82;1,92;0,81;0,00;0,91;0,95;1,00;0,89;0,85;
1.4.2015 03:30;001,2;000,0;;;;;21758;1495817;5571;165321;62;708;0;0;0;0;0;0;0;;0,50;1,00;1,50;0,00;0,00;0,00;14059,00;12620,00;13585,00;0,06;0,09;0,12;;0,75;1,00;1,50;0,56;0,00;0,00;3,25;0,00;0,56;3,64;3,81;1,92;0,81;0,00;0,91;0,95;1,00;0,89;0,85;
1.4.2015 03:45;001,3;000,0;;;;;21758;1495817;5571;165321;62;708;0;0;0;0;0;0;0;;0,50;0,75;0,75;0,00;0,00;0,00;14148,00;12564,00;13548,00;0,04;0,06;0,06;;0,50;0,75;0,75;0,00;0,00;0,00;2,00;0,00;0,00;2,23;2,31;1,16;0,50;0,00;0,56;0,58;1,00;0,90;0,87;
1.4.2015 04:00;001,0;000,0;;;;;21758;1495817;5571;165321;62;708;0;0;0;0;0;0;0;;0,25;0,50;0,75;0,00;0,00;0,00;14212,00;12576,00;13567,00;0,04;0,04;0,06;;0,50;0,50;0,75;0,43;0,00;0,00;1,75;0,00;0,43;1,88;1,93;0,69;0,44;0,00;0,47;0,48;1,00;0,93;0,91;
1.4.2015 04:15;001,1;000,0;;;;;21758;1495817;5571;165321;62;708;0;0;0;0;0;0;0;;0,25;0,50;0,75;0,00;0,00;0,00;14151,00;12540,00;13522,00;0,04;0,04;0,06;;0,50;0,50;0,75;0,43;0,00;0,00;1,75;0,00;0,43;1,87;1,92;0,67;0,44;0,00;0,47;0,48;1,00;0,94;0,91;
1.4.2015 04:30;001,4;000,0;;;;;21759;1495817;5571;165321;62;708;0;0;0;0;0;0;0;;0,50;1,00;1,50;0,00;0,00;0,00;14176,00;12557,00;13538,00;0,06;0,09;0,12;;0,75;1,00;1,50;0,56;0,00;0,00;3,25;0,00;0,56;3,57;3,74;1,76;0,81;0,00;0,89;0,93;1,00;0,91;0,87;
1.4.2015 04:45;001,4;000,0;;;;;21759;1495817;5571;165321;62;708;0;0;0;0;0;0;0;;0,50;1,00;1,50;0,00;0,00;0,00;14125,00;12556,00;13545,00;0,06;0,09;0,12;;0,75;1,00;1,50;0,56;0,00;0,00;3,25;0,00;0,56;3,57;3,74;1,75;0,81;0,00;0,89;0,93;1,00;0,91;0,87;
1.4.2015 05:00;001,1;000,0;;;;;21759;1495817;5571;165321;62;708;0;0;0;0;0;0;0;;0,50;0,50;1,50;0,00;0,00;0,00;14131,00;12530,00;13536,00;0,05;0,07;0,11;;0,75;0,75;1,50;0,56;0,56;0,00;2,75;0,00;1,12;3,15;3,31;1,45;0,69;0,00;0,79;0,83;1,00;0,87;0,83;
1.4.2015 05:15;001,0;000,0;;;;;21760;1495817;5571;165321;62;708;0;0;0;0;0;0;0;;0,50;0,50;1,50;0,00;0,00;0,00;14094,00;12530,00;13501,00;0,05;0,07;0,11;;0,75;0,75;1,50;0,56;0,56;0,00;2,75;0,00;1,12;3,14;3,30;1,44;0,69;0,00;0,78;0,82;1,00;0,88;0,83;
1.4.2015 05:30;001,3;000,0;;;;;21760;1495817;5571;165321;62;708;0;0;0;0;0;0;0;;0,50;0,75;0,75;0,00;0,00;0,00;14071,00;12530,00;13499,00;0,04;0,07;0,07;;0,50;0,75;0,75;0,00;0,00;0,00;2,25;0,00;0,00;2,35;2,44;0,94;0,56;0,00;0,59;0,61;1,00;0,96;0,92;
1.4.2015 05:45;001,3;000,0;;;;;21760;1495817;5571;165321;62;708;0;0;0;0;0;0;0;;0,50;0,75;0,75;0,00;0,00;0,00;14088,00;12493,00;13465,00;0,04;0,07;0,07;;0,50;0,75;0,75;0,00;0,00;0,00;2,25;0,00;0,00;2,35;2,43;0,93;0,56;0,00;0,59;0,61;1,00;0,96;0,92;
1.4.2015 06:00;001,0;000,0;;;;;21761;1495817;5571;165321;62;708;0;0;0;0;0;0;0;;0,50;0,50;1,50;0,00;0,00;0,00;14075,00;12428,00;13393,00;0,05;0,07;0,11;;0,75;0,75;1,50;0,56;0,56;0,00;2,75;0,00;1,12;3,12;3,28;1,40;0,69;0,00;0,78;0,82;1,00;0,88;0,84;
1.4.2015 06:15;001,0;000,0;;;;;21761;1495817;5571;165321;62;708;0;0;0;0;0;0;0;;0,50;1,00;1,50;0,00;0,00;0,00;13965,00;12370,00;13335,00;0,05;0,09;0,12;;0,75;1,00;1,50;0,56;0,00;0,00;3,25;0,00;0,56;3,48;3,66;1,60;0,81;0,00;0,87;0,92;1,00;0,93;0,89;
1.4.2015 06:30;001,2;000,0;;;;;21761;1495817;5571;165321;62;708;0;0;0;0;0;0;0;;0,50;0,75;0,75;0,00;0,00;0,00;13875,00;12341,00;13286,00;0,04;0,07;0,06;;0,50;0,75;0,75;0,00;0,00;0,00;2,25;0,00;0,00;2,28;2,36;0,73;0,56;0,00;0,57;0,59;1,00;0,99;0,95;
1.4.2015 06:45;000,6;000,0;;;;;21761;1495817;5573;165321;62;708;0;0;0;0;0;0;0;;0,00;0,00;0,75;1,00;0,00;0,75;13852,00;12351,00;13330,00;0,09;0,08;0,11;;1,25;0,00;1,25;0,75;0,00;0,66;0,75;1,75;1,41;3,70;3,73;2,88;0,19;0,44;0,93;0,93;-0,69;0,20;0,20;
1.4.2015 07:00;000,1;000,5;;;;;21761;1495817;5573;165321;62;708;0;0;0;0;0;0;0;;-0,75;-0,50;0,00;1,00;0,00;0,75;13937,00;12333,00;13298,00;0,12;0,08;0,09;;1,50;1,00;1,00;0,83;0,87;0,66;-1,50;1,75;2,36;3,92;3,95;2,17;-0,38;0,44;0,98;0,99;0,39;-0,38;-0,38;
1.4.2015 07:15;000,0;001,3;;;;;21761;1495818;5573;165321;62;708;0;0;0;0;0;0;0;;-2,75;-2,00;-1,75;1,00;0,00;1,00;13884,00;12336,00;13300,00;0,22;0,19;0,17;;3,00;2,25;2,00;0,66;1,03;nan;-6,75;2,00;nan;7,66;7,70;NaN;-1,69;0,50;1,92;1,93;0,96;-0,88;-0,88;
1.4.2015 07:30;000,0;003,4;;;;;21761;1495818;5573;165321;62;708;0;0;0;0;0;0;0;;-3,75;-2,75;-2,50;1,00;0,00;1,00;13852,00;12333,00;13298,00;0,29;0,25;0,23;;3,75;3,00;3,00;nan;1,20;1,32;-9,25;2,25;nan;10,19;10,22;NaN;-2,31;0,56;2,55;2,55;0,97;-0,91;-0,91;
1.4.2015 07:45;000,0;003,8;;;;;21761;1495819;5573;165322;62;708;0;0;0;0;0;0;0;;-5,50;-4,75;-5,00;0,50;0,50;1,25;13849,00;12352,00;13306,00;0,42;0,41;0,41;;5,75;5,00;5,50;1,60;1,48;1,92;-15,75;2,75;5,00;16,37;16,38;NaN;-3,94;0,69;4,09;4,10;0,98;-0,96;-0,96;
1.4.2015 08:00;000,0;006,7;;;;;21761;1495821;5573;165322;62;708;0;0;0;0;0;0;0;;-5,25;-4,25;-4,25;0,75;0,00;1,25;13950,00;12338,00;13281,00;0,40;0,38;0,36;;5,50;4,50;4,75;1,46;1,48;1,71;-14,25;2,25;4,65;14,95;14,97;NaN;-3,56;0,56;3,74;3,74;0,99;-0,95;-0,95;
1.4.2015 08:15;000,0;014,4;;;;;21761;1495825;5573;165322;62;708;0;0;0;0;0;0;0;;-10,00;-8,50;-9,25;0,50;0,50;1,75;13852,00;12330,00;13273,00;0,73;0,71;0,72;;10,00;8,50;9,50;nan;nan;1,27;-28,00;3,00;nan;28,32;28,34;NaN;-7,00;0,75;7,08;7,09;0,99;-0,99;-0,99;
1.4.2015 08:30;000,0;024,8;;;;;21761;1495831;5573;165323;62;708;0;0;0;0;0;0;0;;-13,50;-11,75;-12,00;0,75;0,00;2,00;13910,00;12341,00;13309,00;0,99;0,96;0,94;;13,50;11,75;12,25;nan;0,00;1,44;-37,50;3,00;nan;37,99;38,03;NaN;-9,38;0,75;9,50;9,51;1,00;-0,99;-0,99;
1.4.2015 08:45;000,0;020,6;;;;;21761;1495836;5573;165323;62;708;0;0;0;0;0;0;0;;-24,00;-20,75;-22,50;0,75;0,75;3,25;13879,00;12330,00;13269,00;1,73;1,70;1,72;;24,00;21,00;22,75;nan;3,14;0,87;-67,50;5,00;nan;67,86;67,92;NaN;-16,88;1,25;16,96;16,98;1,00;-0,99;-0,99;
1.4.2015 09:00;000,0;040,3;;;;;21761;1495846;5573;165324;62;708;0;0;0;0;0;0;0;;-43,50;-38,25;-40,50;2,25;1,75;6,25;13909,00;12337,00;13279,00;3,14;3,12;3,10;;43,75;38,50;41,00;4,09;4,02;1,30;-122,75;10,25;9,41;123,46;123,60;3,98;-30,69;2,56;30,87;30,90;1,00;-0,99;-0,99;
1.4.2015 09:15;000,0;035,7;;;;;21761;1495855;5573;165325;62;708;0;0;0;0;0;0;0;;-20,75;-18,25;-19,75;0,50;0,75;3,00;13897,00;12324,00;13269,00;1,50;1,49;1,51;;20,75;18,25;20,00;nan;nan;0,97;-58,75;4,50;nan;59,22;59,27;NaN;-14,69;1,12;14,80;14,82;1,00;-0,99;-0,99;
1.4.2015 09:30;000,0;022,0;;;;;21761;1495861;5573;165325;62;708;0;0;0;0;0;0;0;;-11,50;-9,75;-10,00;0,75;0,00;1,75;13867,00;12299,00;13243,00;0,83;0,81;0,78;;11,50;9,75;10,25;nan;0,00;1,41;-31,50;2,75;nan;31,87;31,91;NaN;-7,88;0,69;7,97;7,98;1,00;-0,99;-0,99;
1.4.2015 09:45;000,0;007,0;;;;;21761;1495862;5573;165326;62;708;0;0;0;0;0;0;0;;-0,50;-0,25;0,00;0,75;0,00;0,75;13826,00;12266,00;13188,00;0,09;0,09;0,09;;1,25;1,00;1,25;0,87;0,97;1,00;-1,00;1,50;2,83;3,64;3,64;1,40;-0,25;0,38;0,91;0,91;0,07;-0,27;-0,27;
1.4.2015 10:00;000,0;005,0;;;;;21761;1495863;5573;165326;62;708;0;0;0;0;0;0;0;;-7,25;-6,00;-6,00;0,75;0,00;1,25;13910,00;12373,00;13157,00;0,54;0,51;0,49;;7,25;6,25;6,25;nan;1,75;1,22;-19,50;2,25;nan;20,13;20,15;NaN;-4,88;0,56;5,03;5,04;0,99;-0,97;-0,97;
1.4.2015 10:15;000,0;022,2;;;;;21761;1495869;5573;165326;62;708;0;0;0;0;0;0;0;;-23,00;-20,25;-21,00;1,00;0,50;3,00;13878,00;12386,00;13209,00;1,66;1,64;1,62;;23,00;20,25;21,25;nan;nan;1,25;-64,50;4,75;nan;64,82;64,88;NaN;-16,12;1,19;16,20;16,22;1,00;-1,00;-0,99;
1.4.2015 10:30;000,0;027,3;;;;;21761;1495876;5573;165327;62;708;0;0;0;0;0;0;0;;-31,00;-27,50;-29,25;1,00;1,25;4,00;13925,00;12423,00;13269,00;2,24;2,22;2,24;;31,00;27,50;29,50;nan;nan;nan;-88,00;6,50;nan;88,39;88,48;NaN;-22,00;1,62;22,10;22,12;1,00;-1,00;-0,99;
1.4.2015 10:45;000,0;011,9;;;;;21761;1495879;5573;165327;62;708;0;0;0;0;0;0;0;;-3,25;-2,75;-2,25;1,00;0,00;1,00;13910,00;12399,00;13240,00;0,26;0,24;0,20;;3,50;2,75;2,50;0,83;0,00;0,43;-8,50;2,25;1,26;9,21;9,27;2,64;-2,12;0,56;2,30;2,32;0,97;-0,92;-0,92;
1.4.2015 11:00;000,0;003,7;;;;;21761;1495880;5573;165327;62;708;0;0;0;0;0;0;0;;-3,75;-2,75;-2,50;1,00;0,00;1,00;13904,00;12417,00;13226,00;0,28;0,25;0,23;;3,75;3,00;3,00;nan;1,20;1,32;-9,25;2,25;nan;10,14;10,17;NaN;-2,31;0,56;2,53;2,54;0,97;-0,91;-0,91;
1.4.2015 11:15;000,0;017,8;;;;;21761;1495884;5573;165328;62;708;0;0;0;0;0;0;0;;-13,25;-11,50;-12,25;0,50;0,50;1,75;13830,00;12448,00;13265,00;0,96;0,94;0,94;;13,25;11,50;12,50;nan;nan;1,77;-37,25;3,25;nan;37,52;37,54;NaN;-9,31;0,81;9,38;9,38;1,00;-0,99;-0,99;
1.4.2015 11:30;000,0;018,6;;;;;21761;1495889;5573;165328;62;708;0;0;0;0;0;0;0;;-12,25;-10,75;-11,00;0,75;0,00;1,75;13829,00;12422,00;13252,00;0,90;0,88;0,86;;12,25;10,75;11,25;nan;0,00;1,58;-34,25;2,75;nan;34,65;34,67;NaN;-8,56;0,69;8,66;8,67;1,00;-0,99;-0,99;
1.4.2015 11:45;000,0;013,5;;;;;21761;1495892;5573;165328;62;708;0;0;0;0;0;0;0;;-14,75;-13,00;-13,75;0,50;0,50;2,00;13794,00;12395,00;13233,00;1,08;1,06;1,07;;14,75;13,00;14,00;nan;nan;1,71;-41,75;3,50;nan;42,20;42,22;NaN;-10,44;0,88;10,55;10,56;1,00;-0,99;-0,99;
1.4.2015 12:00;000,0;023,2;;;;;21761;1495898;5573;165329;62;708;0;0;0;0;0;0;0;;-8,25;-7,00;-7,50;0,50;0,50;1,50;13882,00;12399,00;13239,00;0,61;0,58;0,60;;8,25;7,25;7,75;nan;1,82;1,25;-23,00;2,75;nan;23,56;23,57;NaN;-5,75;0,69;5,89;5,89;0,99;-0,98;-0,98;
1.4.2015 12:15;000,0;053,5;;;;;21761;1495912;5573;165330;62;708;0;0;0;0;0;0;0;;-47,50;-42,50;-45,25;2,00;2,25;6,25;13827,00;12436,00;13263,00;3,45;3,43;3,46;;47,50;42,50;45,75;nan;nan;2,54;-135,50;10,75;nan;136,15;136,26;NaN;-33,88;2,69;34,04;34,07;1,00;-1,00;-0,99;
1.4.2015 12:30;000,0;029,1;;;;;21761;1495919;5573;165331;62;708;0;0;0;0;0;0;0;;-30,25;-26,50;-28,00;1,25;1,00;4,00;13827,00;12396,00;13283,00;2,19;2,16;2,15;;30,25;26,75;28,50;nan;3,51;3,50;-85,25;6,50;nan;85,65;85,72;NaN;-21,31;1,62;21,41;21,43;1,00;-1,00;-0,99;
1.4.2015 12:45;000,0;035,7;;;;;21761;1495928;5573;165331;62;708;0;0;0;0;0;0;0;;-15,00;-13,25;-14,25;0,50;0,75;2,00;13797,00;12397,00;13301,00;1,10;1,08;1,09;;15,00;13,25;14,50;nan;nan;1,79;-42,75;3,50;nan;43,03;43,06;NaN;-10,69;0,88;10,76;10,76;1,00;-0,99;-0,99;
1.4.2015 13:00;000,0;019,6;;;;;21761;1495933;5573;165332;62;708;0;0;0;0;0;0;0;;-30,25;-27,00;-28,50;1,25;1,25;4,00;13830,00;12434,00;13364,00;2,21;2,18;2,16;;30,50;27,00;28,75;3,69;nan;nan;-86,00;6,75;nan;86,53;86,61;NaN;-21,50;1,69;21,63;21,65;1,00;-0,99;-0,99;
1.4.2015 13:15;000,0;034,3;;;;;21761;1495941;5573;165333;62;708;0;0;0;0;0;0;0;;-26,25;-23,25;-24,50;1,00;0,75;3,50;13768,00;12357,00;13304,00;1,91;1,89;1,87;;26,25;23,25;24,75;nan;nan;0,25;-74,00;5,50;nan;74,53;74,60;NaN;-18,50;1,38;18,63;18,65;1,00;-0,99;-0,99;
1.4.2015 13:30;000,0;021,5;;;;;21761;1495947;5573;165333;62;708;0;0;0;0;0;0;0;;-21,00;-18,50;-19,75;0,75;0,75;2,75;13791,00;12359,00;13302,00;1,53;1,51;1,52;;21,00;18,50;20,00;nan;nan;1,54;-59,50;4,50;nan;59,88;59,93;NaN;-14,88;1,12;14,97;14,98;1,00;-0,99;-0,99;
1.4.2015 13:45;000,0;031,2;;;;;21761;1495954;5573;165334;62;708;0;0;0;0;0;0;0;;-44,25;-39,50;-41,75;2,50;2,25;6,00;13807,00;12422,00;13356,00;3,22;3,20;3,17;;44,25;39,75;42,25;nan;3,84;2,45;-125,75;11,00;nan;126,51;126,63;NaN;-31,44;2,75;31,63;31,66;1,00;-0,99;-0,99;
1.4.2015 14:00;000,0;053,9;;;;;21761;1495968;5573;165335;62;708;0;0;0;0;0;0;0;;-45,00;-40,25;-43,00;2,00;2,50;6,25;13850,00;12434,00;13388,00;3,26;3,25;3,26;;45,00;40,25;43,50;nan;nan;2,05;-128,50;11,00;nan;129,18;129,29;NaN;-32,12;2,75;32,29;32,32;1,00;-0,99;-0,99;
1.4.2015 14:15;000,0;048,7;;;;;21761;1495980;5573;165336;62;708;0;0;0;0;0;0;0;;-21,00;-18,75;-19,50;1,00;0,75;2,50;13840,00;12472,00;13420,00;1,53;1,52;1,48;;21,00;18,75;19,75;nan;nan;1,89;-59,75;4,50;nan;60,03;60,09;NaN;-14,94;1,12;15,01;15,02;1,00;-1,00;-0,99;
1.4.2015 14:30;000,0;032,5;;;;;21761;1495988;5573;165337;62;708;0;0;0;0;0;0;0;;-52,00;-46,50;-49,75;2,75;3,25;7,50;13868,00;12472,00;13405,00;3,76;3,75;3,76;;52,00;46,50;50,25;nan;nan;nan;-148,25;13,50;nan;149,25;149,39;NaN;-37,06;3,38;37,31;37,35;1,00;-0,99;-0,99;
1.4.2015 14:45;000,0;050,4;;;;;21761;1496001;5573;165338;62;708;0;0;0;0;0;0;0;;-19,25;-17,25;-18,50;0,50;0,75;2,50;13811,00;12424,00;13366,00;1,41;1,40;1,41;;19,50;17,25;18,75;3,07;nan;1,75;-55,25;4,25;nan;55,62;55,66;NaN;-13,81;1,06;13,90;13,92;1,00;-0,99;-0,99;
1.4.2015 15:00;000,0;040,6;;;;;21761;1496011;5573;165338;62;708;0;0;0;0;0;0;0;;-59,50;-53,25;-56,25;4,00;3,75;9,00;13865,00;12460,00;13393,00;4,31;4,30;4,27;;59,75;53,50;57,00;3,72;3,55;1,98;-169,50;17,00;9,25;170,53;170,69;5,49;-42,38;4,25;42,63;42,67;0,99;-0,99;-0,99;
1.4.2015 15:15;000,0;111,2;;;;;21761;1496039;5573;165341;62;708;0;0;0;0;0;0;0;;-38,75;-35,00;-37,50;1,50;2,25;5,00;13854,00;12424,00;13358,00;2,81;2,84;2,85;;38,75;35,25;38,00;nan;3,54;3,57;-111,50;9,00;nan;112,18;112,32;NaN;-27,88;2,25;28,05;28,08;1,00;-0,99;-0,99;
1.4.2015 15:30;000,0;026,5;;;;;21761;1496046;5573;165342;62;708;0;0;0;0;0;0;0;;-93,00;-83,50;-88,50;5,50;5,75;13,50;13916,00;12491,00;13425,00;6,70;6,70;6,68;;93,00;83,75;89,50;nan;2,96;nan;-265,00;25,25;nan;266,63;266,91;NaN;-66,25;6,31;66,66;66,73;1,00;-0,99;-0,99;
1.4.2015 15:45;000,0;102,7;;;;;21761;1496071;5573;165344;62;708;0;0;0;0;0;0;0;;-45,25;-40,25;-43,50;2,00;3,00;6,50;13905,00;12497,00;13423,00;3,26;3,24;3,30;;45,25;40,50;44,25;nan;3,34;4,85;-129,25;11,75;nan;130,15;130,26;NaN;-32,31;2,94;32,54;32,56;1,00;-0,99;-0,99;
1.4.2015 16:00;000,0;022,4;;;;;21761;1496077;5573;165345;62;708;0;0;0;0;0;0;0;;-25,25;-22,25;-23,75;1,00;1,00;3,25;13923,00;12447,00;13320,00;1,82;1,81;1,82;;25,25;22,25;24,00;nan;nan;1,17;-71,50;5,50;nan;72,02;72,08;NaN;-17,88;1,38;18,00;18,02;1,00;-0,99;-0,99;
1.4.2015 16:15;000,0;027,7;;;;;21761;1496084;5573;165345;62;708;0;0;0;0;0;0;0;;-26,25;-23,25;-24,25;1,25;0,75;3,50;13944,00;12461,00;13347,00;1,89;1,87;1,85;;26,25;23,25;24,50;nan;nan;nan;-74,00;5,75;nan;74,45;74,52;NaN;-18,50;1,44;18,61;18,63;1,00;-0,99;-0,99;
1.4.2015 16:30;000,0;035,9;;;;;21761;1496093;5573;165346;62;708;0;0;0;0;0;0;0;;-47,00;-42,00;-44,75;2,25;2,50;6,75;13987,00;12512,00;13392,00;3,38;3,36;3,38;;47,25;42,00;45,25;4,30;nan;nan;-134,00;11,50;nan;134,65;134,77;NaN;-33,50;2,88;33,66;33,69;1,00;-1,00;-0,99;
1.4.2015 16:45;000,0;079,4;;;;;21761;1496112;5573;165348;62;708;0;0;0;0;0;0;0;;-34,25;-30,50;-32,25;1,75;1,50;4,75;14042,00;12450,00;13344,00;2,45;2,46;2,45;;34,25;30,50;32,75;nan;nan;3,15;-97,00;8,25;nan;97,76;97,88;NaN;-24,25;2,06;24,44;24,47;1,00;-0,99;-0,99;
1.4.2015 17:00;000,0;030,3;;;;;21761;1496120;5573;165348;62;708;0;0;0;0;0;0;0;;-37,75;-33,00;-35,25;1,50;1,25;5,25;14057,00;12423,00;13314,00;2,69;2,68;2,69;;37,75;33,25;35,75;nan;3,87;2,82;-106,25;8,25;nan;106,93;107,05;NaN;-26,56;2,06;26,73;26,76;1,00;-0,99;-0,99;
1.4.2015 17:15;000,0;058,6;;;;;21761;1496135;5573;165350;62;708;0;0;0;0;0;0;0;;-91,25;-80,75;-85,50;5,25;4,50;13,75;14136,00;12514,00;13379,00;6,48;6,48;6,49;;91,50;81,00;86,75;4,26;4,49;5,12;-258,00;24,00;13,87;259,56;259,87;14,23;-64,50;6,00;64,89;64,97;1,00;-0,99;-0,99;
1.4.2015 17:30;000,0;044,9;;;;;21761;1496146;5573;165351;62;708;0;0;0;0;0;0;0;;-8,50;-7,25;-7,25;1,00;0,00;1,50;14052,00;12442,00;13353,00;0,62;0,61;0,57;;8,75;7,50;7,50;1,82;1,92;1,20;-23,50;2,50;4,94;23,99;24,02;NaN;-5,88;0,62;6,00;6,00;0,99;-0,98;-0,98;
1.4.2015 17:45;000,0;025,8;;;;;21761;1496152;5573;165351;62;708;0;0;0;0;0;0;0;;-25,75;-22,75;-24,25;0,75;1,00;3,50;13935,00;12521,00;13426,00;1,86;1,83;1,84;;25,75;22,75;24,75;nan;nan;3,50;-73,25;5,50;nan;73,57;73,62;NaN;-18,31;1,38;18,39;18,41;1,00;-1,00;-0,99;
1.4.2015 18:00;000,0;012,7;;;;;21761;1496155;5573;165352;62;708;0;0;0;0;0;0;0;;-5,75;-4,75;-4,50;1,00;0,00;1,25;14105,00;12477,00;13327,00;0,44;0,41;0,38;;6,00;5,00;5,00;1,39;1,56;1,79;-15,50;2,50;4,74;16,25;16,28;NaN;-3,88;0,62;4,06;4,07;0,99;-0,95;-0,95;
1.4.2015 18:15;000,0;016,3;;;;;21761;1496159;5573;165352;62;708;0;0;0;0;0;0;0;;-13,50;-11,50;-12,50;0,50;0,50;2,00;14101,00;12475,00;13342,00;0,97;0,94;0,96;;13,50;11,50;12,75;nan;nan;1,52;-37,75;3,25;nan;38,11;38,14;NaN;-9,44;0,81;9,53;9,53;1,00;-0,99;-0,99;
1.4.2015 18:30;000,0;011,5;;;;;21761;1496162;5573;165352;62;708;0;0;0;0;0;0;0;;-3,00;-2,00;-1,75;0,75;0,00;1,00;14063,00;12437,00;13300,00;0,23;0,19;0,18;;3,25;2,25;2,25;1,00;1,03;1,00;-7,00;2,00;3,03;8,06;8,08;1,78;-1,75;0,50;2,01;2,02;0,96;-0,87;-0,87;
1.4.2015 18:45;000,0;001,7;;;;;21761;1496163;5573;165352;62;708;0;0;0;0;0;0;0;;-0,25;-0,25;0,50;1,25;0,00;0,50;14057,00;12440,00;13315,00;0,11;0,08;0,09;;1,50;0,75;1,00;0,79;0,71;0,71;-0,00;1,75;2,20;3,64;3,65;2,33;-0,00;0,44;0,91;0,91;nan;-0,00;-0,00;
1.4.2015 19:00;000,5;000,2;;;;;21761;1496163;5573;165352;62;708;0;0;0;0;0;0;0;;0,25;0,50;0,75;0,00;0,00;0,00;14145,00;12423,00;13245,00;0,04;0,04;0,06;;0,50;0,50;0,75;0,43;0,00;0,00;1,75;0,00;0,43;1,85;1,91;0,62;0,44;0,00;0,46;0,48;1,00;0,95;0,92;
1.4.2015 19:15;000,9;000,0;;;;;21762;1496163;5573;165352;62;708;0;0;0;0;0;0;0;;0,50;1,00;1,50;0,00;0,00;0,00;14116,00;12418,00;13187,00;0,05;0,09;0,12;;0,75;1,00;1,50;0,56;0,00;0,00;3,25;0,00;0,56;3,48;3,67;1,61;0,81;0,00;0,87;0,92;1,00;0,93;0,89;
1.4.2015 19:30;001,2;000,0;;;;;21762;1496163;5573;165352;62;708;0;0;0;0;0;0;0;;0,50;0,75;0,75;0,00;0,00;0,00;13976,00;12437,00;13244,00;0,04;0,07;0,06;;0,50;0,75;0,75;0,00;0,00;0,00;2,25;0,00;0,00;2,29;2,37;0,76;0,56;0,00;0,57;0,59;1,00;0,98;0,95;
1.4.2015 19:45;001,1;000,0;;;;;21762;1496163;5573;165352;62;708;0;0;0;0;0;0;0;;0,50;1,00;1,50;0,00;0,00;0,00;13945,00;12444,00;13173,00;0,05;0,09;0,12;;0,75;1,00;1,50;0,56;0,00;0,00;3,25;0,00;0,56;3,43;3,61;1,47;0,81;0,00;0,86;0,90;1,00;0,95;0,90;
1.4.2015 20:00;001,2;000,0;;;;;21762;1496163;5573;165352;62;708;0;0;0;0;0;0;0;;0,50;0,75;0,75;0,00;0,00;0,00;13938,00;12412,00;13157,00;0,04;0,07;0,06;;0,50;0,75;0,75;0,00;0,00;0,00;2,25;0,00;0,00;2,28;2,36;0,73;0,56;0,00;0,57;0,59;1,00;0,99;0,95;
1.4.2015 20:15;001,1;000,0;;;;;21763;1496163;5573;165352;62;708;0;0;0;0;0;0;0;;0,50;1,00;1,50;0,00;0,00;0,00;13937,00;12392,00;13145,00;0,05;0,09;0,12;;0,75;1,00;1,50;0,56;0,00;0,00;3,25;0,00;0,56;3,43;3,60;1,45;0,81;0,00;0,86;0,90;1,00;0,95;0,90;
1.4.2015 20:30;001,2;000,0;;;;;21763;1496163;5573;165352;62;708;0;0;0;0;0;0;0;;0,50;1,00;1,50;0,00;0,00;0,00;13987,00;12419,00;13167,00;0,05;0,09;0,12;;0,75;1,00;1,50;0,56;0,00;0,00;3,25;0,00;0,56;3,43;3,61;1,47;0,81;0,00;0,86;0,90;1,00;0,95;0,90;
1.4.2015 20:45;001,1;000,0;;;;;21763;1496163;5573;165352;62;708;0;0;0;0;0;0;0;;0,50;1,00;1,50;0,00;0,00;0,00;14043,00;12418,00;13161,00;0,05;0,09;0,12;;0,75;1,00;1,50;0,56;0,00;0,00;3,25;0,00;0,56;3,44;3,62;1,48;0,81;0,00;0,86;0,90;1,00;0,95;0,90;
1.4.2015 21:00;001,2;000,0;;;;;21764;1496163;5573;165352;62;708;0;0;0;0;0;0;0;;0,50;0,75;0,75;0,00;0,00;0,00;14058,00;12432,00;13216,00;0,04;0,07;0,06;;0,50;0,75;0,75;0,00;0,00;0,00;2,25;0,00;0,00;2,29;2,38;0,77;0,56;0,00;0,57;0,59;1,00;0,98;0,95;
1.4.2015 21:15;001,2;000,0;;;;;21764;1496163;5573;165352;62;708;0;0;0;0;0;0;0;;0,75;1,00;1,50;0,00;0,00;0,00;14137,00;12759,00;12753,00;0,05;0,09;0,12;;0,75;1,00;1,50;0,00;0,00;0,00;3,25;0,00;0,00;3,42;3,62;1,59;0,81;0,00;0,86;0,90;1,00;0,95;0,90;
1.4.2015 21:30;001,1;000,0;;;;;21764;1496163;5573;165352;62;708;0;0;0;0;0;0;0;;0,50;0,75;0,75;0,00;0,00;0,00;13229,00;13269,00;13172,00;0,04;0,07;0,06;;0,50;0,75;0,75;0,00;0,00;0,00;2,25;0,00;0,00;2,31;2,37;0,75;0,56;0,00;0,58;0,59;1,00;0,97;0,95;
1.4.2015 21:45;001,2;000,0;;;;;21765;1496163;5573;165352;62;708;0;0;0;0;0;0;0;;0,50;1,00;1,50;0,00;-0,50;0,00;13245,00;13287,00;13191,00;0,05;0,09;0,12;;0,75;1,00;1,50;0,56;nan;0,00;3,25;-0,50;nan;3,47;3,62;NaN;0,81;-0,12;0,87;0,91;0,99;0,94;0,90;
1.4.2015 22:00;001,2;000,0;;;;;21765;1496163;5573;165352;62;708;0;0;0;0;0;0;0;;0,50;1,00;1,50;0,00;-0,50;0,00;13260,00;13304,00;13206,00;0,05;0,09;0,12;;0,75;1,00;1,50;0,56;nan;0,00;3,25;-0,50;nan;3,51;3,67;NaN;0,81;-0,12;0,88;0,92;0,99;0,93;0,89;
1.4.2015 22:15;001,2;000,0;;;;;21765;1496163;5573;165352;62;708;0;0;0;0;0;0;0;;0,50;1,00;1,50;0,00;-0,50;0,00;13267,00;13304,00;13216,00;0,05;0,09;0,12;;0,75;1,00;1,50;0,56;nan;0,00;3,25;-0,50;nan;3,48;3,63;NaN;0,81;-0,12;0,87;0,91;0,99;0,93;0,90;
1.4.2015 22:30;001,2;000,0;;;;;21765;1496163;5573;165352;62;708;0;0;0;0;0;0;0;;0,50;1,00;1,50;0,00;-0,50;0,00;13285,00;13317,00;13226,00;0,06;0,09;0,12;;0,75;1,00;1,50;0,56;nan;0,00;3,25;-0,50;nan;3,58;3,73;NaN;0,81;-0,12;0,90;0,93;0,99;0,91;0,87;
1.4.2015 22:45;001,3;000,0;;;;;21766;1496163;5573;165352;62;708;0;0;0;0;0;0;0;;0,50;1,00;1,50;0,00;-0,50;0,00;13247,00;13300,00;13186,00;0,05;0,09;0,12;;0,75;1,00;1,50;0,56;nan;0,00;3,25;-0,50;nan;3,47;3,62;NaN;0,81;-0,12;0,87;0,91;0,99;0,94;0,90;
1.4.2015 23:00;001,2;000,0;;;;;21766;1496163;5573;165352;62;708;0;0;0;0;0;0;0;;0,50;1,00;1,50;0,00;-0,50;0,00;13252,00;13284,00;13194,00;0,05;0,09;0,12;;0,75;1,00;1,50;0,56;nan;0,00;3,25;-0,50;nan;3,47;3,62;NaN;0,81;-0,12;0,87;0,91;0,99;0,94;0,90;
1.4.2015 23:15;001,2;000,0;;;;;21766;1496163;5573;165352;62;708;0;0;0;0;0;0;0;;0,50;0,75;0,75;0,00;0,00;0,00;13300,00;13327,00;13238,00;0,04;0,07;0,06;;0,50;0,75;0,75;0,00;0,00;0,00;2,25;0,00;0,00;2,33;2,38;0,79;0,56;0,00;0,58;0,60;1,00;0,97;0,94;
1.4.2015 23:30;001,2;000,0;;;;;21767;1496163;5573;165352;62;708;0;0;0;0;0;0;0;;0,50;1,00;1,50;0,00;-0,50;0,00;13286,00;13310,00;13238,00;0,06;0,09;0,12;;0,75;1,00;1,50;0,56;nan;0,00;3,25;-0,50;nan;3,55;3,69;NaN;0,81;-0,12;0,89;0,92;0,99;0,92;0,88;
1.4.2015 23:45;001,3;000,0;;;;;21767;1496163;5573;165352;62;708;0;0;0;0;0;0;0;;0,50;1,00;1,50;0,00;-0,50;0,00;13333,00;13373,00;13275,00;0,06;0,09;0,12;;0,75;1,00;1,50;0,56;nan;0,00;3,25;-0,50;nan;3,56;3,71;NaN;0,81;-0,12;0,89;0,93;0,99;0,91;0,88;
2.4.2015 00:00;001,3;000,0;;;;;21767;1496163;5573;165352;62;708;0;0;0;0;0;0;0;;0,50;1,00;1,50;0,00;0,00;0,00;13311,00;13357,00;13253,00;0,06;0,09;0,12;;0,75;1,00;1,50;0,56;0,00;0,00;3,25;0,00;0,56;3,56;3,70;1,68;0,81;0,00;0,89;0,93;1,00;0,91;0,88;
2.4.2015 00:15;001,2;000,0;;;;;21768;1496163;5573;165352;62;708;0;0;0;0;0;0;0;;0,50;1,00;1,50;0,00;-0,50;0,00;13253,00;13292,00;13198,00;0,05;0,09;0,12;;0,75;1,00;1,50;0,56;nan;0,00;3,25;-0,50;nan;3,48;3,62;NaN;0,81;-0,12;0,87;0,91;0,99;0,93;0,90;
2.4.2015 00:30;001,4;000,0;;;;;21768;1496163;5573;165352;62;708;0;0;0;0;0;0;0;;2,00;1,25;1,75;0,00;0,00;0,00;13260,00;13303,00;13228,00;0,16;0,11;0,15;;2,00;1,25;1,75;0,00;0,00;0,00;5,25;0,00;0,00;5,47;5,54;1,76;1,31;0,00;1,37;1,38;1,00;0,96;0,95;
2.4.2015 00:45;001,3;000,0;;;;;21768;1496163;5573;165352;62;708;0;0;0;0;0;0;0;;0,50;1,00;1,50;0,00;-0,50;0,00;13299,00;13339,00;13247,00;0,05;0,09;0,12;;0,75;1,00;1,50;0,56;nan;0,00;3,25;-0,50;nan;3,49;3,64;NaN;0,81;-0,12;0,87;0,91;0,99;0,93;0,89;
2.4.2015 01:00;001,2;000,0;;;;;21769;1496163;5573;165352;62;708;0;0;0;0;0;0;0;;0,50;1,00;1,50;0,00;-0,50;0,00;13273,00;13326,00;13216,00;0,06;0,09;0,12;;0,75;1,00;1,50;0,56;nan;0,00;3,25;-0,50;nan;3,58;3,73;NaN;0,81;-0,12;0,90;0,93;0,99;0,91;0,87;
2.4.2015 01:15;001,3;000,0;;;;;21769;1496163;5573;165352;62;709;0;0;0;0;0;0;0;;0,50;1,00;1,50;0,00;-0,50;0,00;13306,00;13359,00;13253,00;0,06;0,09;0,12;;0,75;1,00;1,50;0,56;nan;0,00;3,25;-0,50;nan;3,59;3,73;NaN;0,81;-0,12;0,90;0,93;0,99;0,90;0,87;
2.4.2015 01:30;001,3;000,0;;;;;21769;1496163;5573;165352;62;709;0;0;0;0;0;0;0;;2,00;1,25;1,75;0,00;0,00;0,00;13307,00;13355,00;13250,00;0,16;0,11;0,15;;2,00;1,25;1,75;0,00;0,00;0,00;5,25;0,00;0,00;5,52;5,59;1,93;1,31;0,00;1,38;1,40;1,00;0,95;0,94;
2.4.2015 01:45;001,4;000,0;;;;;21770;1496163;5573;165352;62;709;0;0;0;0;0;0;0;;0,50;0,75;0,75;0,00;0,00;0,00;13315,00;13365,00;13263,00;0,04;0,07;0,07;;0,50;0,75;0,75;0,00;0,00;0,00;2,25;0,00;0,00;2,36;2,42;0,90;0,56;0,00;0,59;0,61;1,00;0,95;0,93;
2.4.2015 02:00;001,2;000,0;;;;;21770;1496163;5573;165352;62;709;0;0;0;0;0;0;0;;0,50;0,75;0,75;0,00;0,00;0,00;13327,00;13372,00;13273,00;0,04;0,07;0,07;;0,50;0,75;0,75;0,00;0,00;0,00;2,25;0,00;0,00;2,37;2,43;0,91;0,56;0,00;0,59;0,61;1,00;0,95;0,93;
2.4.2015 02:15;001,3;000,0;;;;;21770;1496163;5573;165352;62;709;0;0;0;0;0;0;0;;0,50;1,00;1,50;0,00;0,00;0,00;13345,00;13395,00;13298,00;0,06;0,09;0,12;;0,75;1,00;1,50;0,56;0,00;0,00;3,25;0,00;0,56;3,60;3,75;1,78;0,81;0,00;0,90;0,94;1,00;0,90;0,87;
2.4.2015 02:30;001,3;000,0;;;;;21770;1496163;5573;165352;62;709;0;0;0;0;0;0;0;;0,50;1,00;1,50;0,00;0,00;0,00;13344,00;13397,00;13301,00;0,06;0,09;0,12;;0,75;1,00;1,50;0,56;0,00;0,00;3,25;0,00;0,56;3,60;3,75;1,78;0,81;0,00;0,90;0,94;1,00;0,90;0,87;
2.4.2015 02:45;001,3;000,0;;;;;21771;1496163;5573;165352;62;709;0;0;0;0;0;0;0;;0,50;1,00;1,50;0,00;0,00;0,00;13324,00;13370,00;13275,00;0,06;0,09;0,12;;0,75;1,00;1,50;0,56;0,00;0,00;3,25;0,00;0,56;3,60;3,74;1,76;0,81;0,00;0,90;0,93;1,00;0,90;0,87;
2.4.2015 03:00;001,2;000,0;;;;;21771;1496163;5573;165352;62;709;0;0;0;0;0;0;0;;0,50;1,00;1,50;0,00;0,00;0,00;13325,00;13382,00;13278,00;0,06;0,09;0,12;;0,75;1,00;1,50;0,56;0,00;0,00;3,25;0,00;0,56;3,60;3,74;1,77;0,81;0,00;0,90;0,94;1,00;0,90;0,87;
2.4.2015 03:15;001,3;000,0;;;;;21771;1496163;5573;165352;62;709;0;0;0;0;0;0;0;;0,50;1,00;1,50;0,00;0,00;0,00;13337,00;13378,00;13285,00;0,06;0,09;0,12;;0,75;1,00;1,50;0,56;0,00;0,00;3,25;0,00;0,56;3,60;3,74;1,77;0,81;0,00;0,90;0,94;1,00;0,90;0,87;
2.4.2015 03:30;001,4;000,0;;;;;21772;1496163;5573;165352;62;709;0;0;0;0;0;0;0;;0,50;1,00;1,50;0,00;0,00;0,00;13334,00;13388,00;13284,00;0,06;0,09;0,12;;0,75;1,00;1,50;0,56;0,00;0,00;3,25;0,00;0,56;3,60;3,74;1,77;0,81;0,00;0,90;0,94;1,00;0,90;0,87;
2.4.2015 03:45;001,3;000,0;;;;;21772;1496163;5573;165352;62;709;0;0;0;0;0;0;0;;0,50;1,00;1,50;0,00;0,00;0,00;13342,00;13372,00;13286,00;0,06;0,09;0,12;;0,75;1,00;1,50;0,56;0,00;0,00;3,25;0,00;0,56;3,60;3,74;1,77;0,81;0,00;0,90;0,94;1,00;0,90;0,87;
2.4.2015 04:00;001,3;000,0;;;;;21772;1496163;5573;165352;62;709;0;0;0;0;0;0;0;;0,50;1,00;1,50;0,00;0,00;0,00;13350,00;13395,00;13295,00;0,06;0,09;0,12;;0,75;1,00;1,50;0,56;0,00;0,00;3,25;0,00;0,56;3,60;3,75;1,78;0,81;0,00;0,90;0,94;1,00;0,90;0,87;
2.4.2015 04:15;001,4;000,0;;;;;21773;1496163;5573;165352;62;709;0;0;0;0;0;0;0;;2,00;1,25;1,75;0,00;0,00;0,00;13328,00;13372,00;13264,00;0,16;0,11;0,15;;2,00;1,25;1,75;0,00;0,00;0,00;5,50;0,00;0,00;5,53;5,60;1,06;1,38;0,00;1,38;1,40;1,00;1,00;0,98;
2.4.2015 04:30;001,3;000,0;;;;;21773;1496163;5573;165352;62;709;0;0;0;0;0;0;0;;0,50;1,00;1,50;0,00;0,00;0,00;13333,00;13370,00;13267,00;0,06;0,09;0,12;;0,75;1,00;1,50;0,56;0,00;0,00;3,25;0,00;0,56;3,60;3,74;1,76;0,81;0,00;0,90;0,93;1,00;0,90;0,87;
2.4.2015 04:45;001,4;000,0;;;;;21773;1496163;5573;165352;62;709;0;0;0;0;0;0;0;;2,00;1,25;1,75;0,00;0,00;0,00;13328,00;13352,00;13264,00;0,16;0,11;0,15;;2,00;1,25;1,75;0,00;0,00;0,00;5,50;0,00;0,00;5,56;5,63;1,22;1,38;0,00;1,39;1,41;1,00;0,99;0,98;
2.4.2015 05:00;001,4;000,0;;;;;21774;1496163;5573;165352;62;709;0;0;0;0;0;0;0;;0,50;1,00;1,50;0,00;0,00;0,00;13335,00;13364,00;13270,00;0,06;0,09;0,12;;0,75;1,00;1,50;0,56;0,00;0,00;3,25;0,00;0,56;3,60;3,74;1,76;0,81;0,00;0,90;0,93;1,00;0,90;0,87;
2.4.2015 05:15;001,5;000,0;;;;;21774;1496163;5573;165352;62;709;0;0;0;0;0;0;0;;0,50;1,00;1,50;0,00;-0,50;0,00;13325,00;13348,00;13259,00;0,06;0,09;0,12;;0,75;1,00;1,50;0,56;nan;0,00;3,25;-0,50;nan;3,56;3,70;NaN;0,81;-0,12;0,89;0,93;0,99;0,91;0,88;
2.4.2015 05:30;001,3;000,0;;;;;21775;1496163;5573;165352;62;709;0;0;0;0;0;0;0;;0,50;0,75;0,75;0,00;0,00;0,00;13322,00;13359,00;13262,00;0,04;0,07;0,07;;0,50;0,75;0,75;0,00;0,00;0,00;2,25;0,00;0,00;2,36;2,42;0,90;0,56;0,00;0,59;0,61;1,00;0,95;0,93;
2.4.2015 05:45;001,6;000,0;;;;;21775;1496163;5573;165352;62;709;0;0;0;0;0;0;0;;2,00;1,25;1,75;0,00;0,00;0,00;13330,00;13340,00;13281,00;0,16;0,11;0,15;;2,00;1,25;1,75;0,00;0,00;0,00;5,50;0,00;0,00;5,56;5,63;1,22;1,38;0,00;1,39;1,41;1,00;0,99;0,98;
2.4.2015 06:00;002,0;000,0;;;;;21775;1496163;5573;165352;62;709;0;0;0;0;0;0;0;;2,00;1,25;1,75;0,00;0,00;0,00;13316,00;13345,00;13258,00;0,16;0,11;0,15;;2,00;1,25;1,75;0,00;0,00;0,00;5,50;0,00;0,00;5,55;5,63;1,20;1,38;0,00;1,39;1,41;1,00;0,99;0,98;
2.4.2015 06:15;002,1;000,0;;;;;21776;1496163;5573;165352;62;709;0;0;0;0;0;0;0;;2,00;1,25;1,75;0,00;0,00;0,00;13183,00;13221,00;13118,00;0,16;0,10;0,15;;2,00;1,25;1,75;0,00;0,00;0,00;5,25;0,00;0,00;5,40;5,48;1,56;1,31;0,00;1,35;1,37;1,00;0,97;0,96;
2.4.2015 06:30;002,1;000,0;;;;;21776;1496163;5573;165352;62;709;0;0;0;0;0;0;0;;0,50;1,00;1,50;0,00;-0,50;0,00;13140,00;13174,00;13082,00;0,05;0,09;0,12;;0,50;1,00;1,50;0,00;nan;0,00;3,25;-0,50;nan;3,45;3,59;NaN;0,81;-0,12;0,86;0,90;0,99;0,94;0,90;
2.4.2015 06:45;001,5;000,0;;;;;21777;1496163;5574;165352;62;709;0;0;0;0;0;0;0;;0,50;0,25;2,25;9,25;7,00;8,25;13165,00;13184,00;13106,00;0,72;0,56;0,66;;9,50;7,25;8,50;2,11;1,87;nan;3,25;24,75;nan;25,51;25,66;NaN;0,81;6,19;6,38;6,42;0,24;0,13;0,13;
2.4.2015 07:00;001,1;000,0;;;;;21777;1496163;5577;165352;62;709;0;0;0;0;0;0;0;;0,25;0,50;1,75;9,00;7,25;8,25;13172,00;13203,00;13104,00;0,70;0,57;0,67;;9,00;7,50;8,50;nan;1,85;1,06;2,75;25,00;nan;25,46;25,56;NaN;0,69;6,25;6,37;6,39;-0,94;0,11;0,11;
2.4.2015 07:15;000,7;000,0;;;;;21777;1496163;5578;165352;62;709;0;0;0;0;0;0;0;;0,00;0,00;0,75;1,00;0,00;0,75;13131,00;13181,00;13075,00;0,11;0,09;0,12;;1,25;0,00;1,50;0,75;0,00;1,06;0,75;1,75;1,81;4,27;4,30;3,40;0,19;0,44;1,07;1,08;-0,69;0,18;0,17;
2.4.2015 07:30;000,0;000,9;;;;;21777;1496163;5578;165353;62;709;0;0;0;0;0;0;0;;-2,50;-2,00;-1,50;1,00;0,00;1,00;13143,00;13190,00;13092,00;0,22;0,18;0,16;;2,75;2,25;2,00;0,56;1,03;0,87;-6,25;2,00;2,46;7,36;7,42;2,46;-1,56;0,50;1,84;1,86;0,95;-0,85;-0,84;
2.4.2015 07:45;000,0;003,1;;;;;21777;1496164;5578;165353;62;709;0;0;0;0;0;0;0;;-4,25;-4,00;-3,50;1,00;0,00;1,00;13135,00;13182,00;13081,00;0,35;0,31;0,29;;4,50;4,00;3,75;1,09;0,00;0,90;-11,75;2,00;1,99;12,54;12,57;3,47;-2,94;0,50;3,14;3,14;0,99;-0,94;-0,93;
2.4.2015 08:00;000,0;003,6;;;;;21777;1496165;5578;165353;62;709;0;0;0;0;0;0;0;;-1,25;-1,00;-0,25;1,00;0,00;0,75;13168,00;13215,00;13113,00;0,14;0,10;0,10;;1,75;1,25;1,25;0,71;0,75;0,97;-2,75;2,00;2,43;4,58;4,64;2,01;-0,69;0,50;1,14;1,16;0,75;-0,60;-0,59;
2.4.2015 08:15;000,0;003,6;;;;;21777;1496166;5578;165353;62;709;0;0;0;0;0;0;0;;-10,25;-10,00;-9,50;1,25;0,50;1,00;13140,00;13191,00;13085,00;0,79;0,76;0,74;;10,25;10,00;9,50;nan;nan;nan;-29,75;3,00;nan;30,09;30,10;NaN;-7,44;0,75;7,52;7,52;0,99;-0,99;-0,99;
2.4.2015 08:30;000,0;008,4;;;;;21777;1496168;5578;165354;62;709;0;0;0;0;0;0;0;;-9,25;-9,00;-8,50;1,25;0,50;1,00;13068,00;13134,00;13017,00;0,73;0,70;0,68;;9,50;9,00;8,75;1,77;nan;1,82;-27,25;3,00;nan;27,65;27,66;NaN;-6,81;0,75;6,91;6,92;0,99;-0,99;-0,99;
2.4.2015 08:45;000,0;009,2;;;;;21777;1496170;5578;165354;62;709;0;0;0;0;0;0;0;;-10,75;-10,75;-10,00;1,25;0,50;1,00;13110,00;13156,00;13052,00;0,84;0,82;0,79;;11,00;10,75;10,25;1,97;nan;2,02;-31,75;3,25;nan;32,11;32,12;NaN;-7,94;0,81;8,03;8,03;0,99;-0,99;-0,99;
2.4.2015 09:00;000,0;015,2;;;;;21777;1496174;5578;165354;62;709;0;0;0;0;0;0;0;;-8,50;-8,25;-7,75;1,25;0,50;1,00;13099,00;13148,00;13042,00;0,67;0,64;0,62;;8,75;8,25;8,00;1,66;nan;1,71;-24,75;2,75;nan;25,21;25,23;NaN;-6,19;0,69;6,30;6,31;0,99;-0,98;-0,98;
2.4.2015 09:15;000,0;014,3;;;;;21777;1496177;5578;165355;62;709;0;0;0;0;0;0;0;;-11,50;-11,25;-10,75;1,25;0,50;1,25;13078,00;13136,00;13024,00;0,90;0,86;0,84;;11,75;11,25;10,75;2,06;nan;nan;-33,75;3,25;nan;33,94;33,95;NaN;-8,44;0,81;8,49;8,49;1,00;-0,99;-0,99;
2.4.2015 09:30;000,0;017,8;;;;;21777;1496182;5578;165355;62;709;0;0;0;0;0;0;0;;-23,25;-23,00;-22,50;2,00;1,25;1,75;13122,00;13171,00;13061,00;1,79;1,76;1,74;;23,50;23,00;22,50;2,77;nan;nan;-69,00;5,25;nan;69,40;69,40;NaN;-17,25;1,31;17,35;17,35;1,00;-0,99;-0,99;
2.4.2015 09:45;000,0;035,0;;;;;21777;1496191;5578;165356;62;709;0;0;0;0;0;0;0;;-38,25;-38,25;-37,75;3,25;2,75;3,00;13089,00;13186,00;12980,00;2,94;2,91;2,93;;38,50;38,25;38,00;2,94;nan;3,15;-114,50;9,50;nan;114,95;114,95;NaN;-28,62;2,38;28,74;28,74;1,00;-1,00;-1,00;
2.4.2015 10:00;000,0;028,7;;;;;21777;1496198;5578;165356;62;709;0;0;0;0;0;0;0;;-16,00;-16,00;-15,50;1,50;0,75;1,25;13097,00;13181,00;12971,00;1,25;1,22;1,20;;16,25;16,00;15,50;2,41;nan;nan;-47,75;4,00;nan;47,98;47,99;NaN;-11,94;1,00;12,00;12,00;1,00;-1,00;-1,00;
2.4.2015 10:15;000,0;018,1;;;;;21777;1496202;5578;165357;62;709;0;0;0;0;0;0;0;;-17,50;-17,25;-16,75;1,75;1,00;1,25;13103,00;13197,00;12989,00;1,35;1,33;1,30;;17,50;17,50;16,75;nan;2,77;nan;-51,75;4,25;nan;52,06;52,06;NaN;-12,94;1,06;13,02;13,02;1,00;-0,99;-0,99;
2.4.2015 10:30;000,0;022,2;;;;;21777;1496208;5578;165357;62;709;0;0;0;0;0;0;0;;-17,25;-17,00;-16,50;1,50;0,75;1,25;13133,00;13232,00;13043,00;1,33;1,29;1,27;;17,25;17,00;16,50;nan;nan;nan;-50,75;4,00;nan;51,13;51,14;NaN;-12,69;1,00;12,78;12,79;1,00;-0,99;-0,99;
2.4.2015 10:45;000,0;018,3;;;;;21777;1496212;5578;165357;62;709;0;0;0;0;0;0;0;;-13,50;-13,25;-13,25;1,00;1,00;1,00;13135,00;13219,00;13021,00;1,04;1,02;1,04;;13,50;13,50;13,50;nan;2,38;2,38;-40,50;3,50;nan;40,78;40,79;NaN;-10,12;0,88;10,20;10,20;1,00;-0,99;-0,99;
2.4.2015 11:00;000,0;016,9;;;;;21777;1496217;5578;165358;62;709;0;0;0;0;0;0;0;;-10,50;-10,25;-9,75;1,25;0,50;1,00;13109,00;13214,00;13007,00;0,81;0,79;0,76;;10,50;10,25;9,75;nan;nan;nan;-30,50;3,25;nan;30,94;30,95;NaN;-7,62;0,81;7,74;7,74;0,99;-0,99;-0,99;
2.4.2015 11:15;000,0;013,1;;;;;21777;1496220;5578;165358;62;709;0;0;0;0;0;0;0;;-11,00;-10,75;-10,00;1,25;0,50;1,00;13069,00;13171,00;12970,00;0,86;0,82;0,79;;11,00;10,75;10,25;nan;nan;2,02;-32,00;3,00;nan;32,29;32,30;NaN;-8,00;0,75;8,07;8,07;1,00;-0,99;-0,99;
2.4.2015 11:30;000,0;012,4;;;;;21777;1496223;5578;165358;62;709;0;0;0;0;0;0;0;;-11,25;-11,50;-10,50;1,50;0,50;0,75;13113,00;13207,00;13006,00;0,88;0,88;0,83;;11,50;11,50;10,75;1,85;nan;2,18;-33,50;3,25;nan;33,89;33,90;NaN;-8,38;0,81;8,47;8,47;1,00;-0,99;-0,99;
2.4.2015 11:45;000,0;017,6;;;;;21777;1496227;5578;165359;62;709;0;0;0;0;0;0;0;;-16,75;-17,75;-17,50;1,50;1,75;0,75;13105,00;13189,00;12982,00;1,30;1,37;1,36;;16,75;18,00;17,50;nan;2,42;nan;-52,50;4,25;nan;52,73;52,75;NaN;-13,12;1,06;13,18;13,19;1,00;-1,00;-1,00;
2.4.2015 12:00;000,0;020,2;;;;;21777;1496232;5578;165359;62;709;0;0;0;0;0;0;0;;-14,50;-15,50;-14,50;1,75;1,25;0,50;13133,00;13218,00;13014,00;1,12;1,19;1,13;;14,50;15,50;14,75;nan;nan;2,66;-44,75;3,75;nan;45,14;45,16;NaN;-11,19;0,94;11,29;11,29;1,00;-0,99;-0,99;
2.4.2015 12:15;000,0;018,2;;;;;21777;1496237;5578;165360;62;709;0;0;0;0;0;0;0;;-16,75;-16,75;-15,75;1,75;0,75;1,00;13115,00;13198,00;13001,00;1,28;1,28;1,23;;16,75;16,75;16,00;nan;nan;2,63;-49,50;4,00;nan;49,80;49,81;NaN;-12,38;1,00;12,45;12,45;1,00;-0,99;-0,99;
2.4.2015 12:30;000,0;016,2;;;;;21777;1496241;5578;165360;62;709;0;0;0;0;0;0;0;;-14,00;-15,25;-14,50;1,75;1,25;0,50;13115,00;13197,00;12996,00;1,09;1,17;1,12;;14,25;15,25;14,50;2,00;nan;nan;-44,00;3,75;nan;44,29;44,31;NaN;-11,00;0,94;11,07;11,08;1,00;-0,99;-0,99;
2.4.2015 12:45;000,0;016,7;;;;;21777;1496245;5578;165360;62;709;0;0;0;0;0;0;0;;-9,00;-10,00;-9,25;1,50;1,00;0,00;13136,00;13218,00;13020,00;0,69;0,77;0,72;;9,00;10,00;9,25;nan;nan;0,00;-28,25;2,50;nan;28,58;28,60;NaN;-7,06;0,62;7,15;7,15;1,00;-0,99;-0,99;
2.4.2015 13:00;000,0;013,9;;;;;21777;1496249;5578;165361;62;709;0;0;0;0;0;0;0;;-13,50;-13,50;-13,25;1,25;1,00;1,00;13114,00;13227,00;13020,00;1,05;1,04;1,03;;13,50;13,75;13,50;nan;2,41;2,38;-40,75;3,50;nan;40,94;40,94;NaN;-10,19;0,88;10,23;10,23;1,00;-1,00;-1,00;
2.4.2015 13:15;000,0;017,1;;;;;21777;1496253;5578;165361;62;709;0;0;0;0;0;0;0;;-16,00;-16,00;-15,75;1,50;1,00;1,00;13111,00;13210,00;13022,00;1,24;1,23;1,22;;16,25;16,00;15,75;2,41;nan;nan;-48,25;3,75;nan;48,43;48,43;NaN;-12,06;0,94;12,11;12,11;1,00;-1,00;-1,00;
2.4.2015 13:30;000,0;021,5;;;;;21777;1496258;5578;165361;62;709;0;0;0;0;0;0;0;;-19,50;-19,25;-18,50;2,00;1,00;1,50;13097,00;13203,00;13013,00;1,50;1,47;1,44;;19,50;19,25;18,75;nan;nan;2,66;-57,50;4,50;nan;57,86;57,86;NaN;-14,38;1,12;14,46;14,47;1,00;-0,99;-0,99;
2.4.2015 13:45;000,0;021,6;;;;;21777;1496264;5578;165362;62;709;0;0;0;0;0;0;0;;-16,25;-16,50;-15,50;1,75;0,75;1,00;13105,00;13215,00;13015,00;1,26;1,26;1,21;;16,50;16,50;15,75;2,26;nan;2,61;-48,75;3,75;nan;49,04;49,05;NaN;-12,19;0,94;12,26;12,26;1,00;-0,99;-0,99;
2.4.2015 14:00;000,0;020,1;;;;;21777;1496269;5578;165362;62;709;0;0;0;0;0;0;0;;-15,75;-15,75;-15,25;1,50;1,00;1,00;13145,00;13257,00;13062,00;1,21;1,21;1,19;;15,75;16,00;15,50;nan;2,63;2,59;-47,25;3,75;nan;47,46;47,46;NaN;-11,81;0,94;11,86;11,86;1,00;-1,00;-1,00;
2.4.2015 14:15;000,0;017,7;;;;;21777;1496273;5578;165363;62;709;0;0;0;0;0;0;0;;-11,50;-11,75;-11,00;1,50;0,50;0,75;13142,00;13238,00;13050,00;0,90;0,90;0,85;;11,75;11,75;11,00;1,89;nan;nan;-34,50;3,25;nan;34,84;34,84;NaN;-8,62;0,81;8,71;8,71;1,00;-0,99;-0,99;
2.4.2015 14:30;000,0;012,2;;;;;21777;1496276;5578;165363;62;709;0;0;0;0;0;0;0;;-10,00;-10,25;-9,25;1,50;0,50;0,75;13124,00;13235,00;13047,00;0,79;0,79;0,72;;10,25;10,25;9,25;1,68;nan;nan;-30,00;3,00;nan;30,28;30,30;NaN;-7,50;0,75;7,57;7,58;1,00;-0,99;-0,99;
2.4.2015 14:45;000,0;013,1;;;;;21777;1496280;5578;165363;62;709;0;0;0;0;0;0;0;;-12,75;-13,00;-12,50;1,50;0,75;1,00;13126,00;13238,00;13051,00;0,99;1,00;0,97;;13,00;13,00;12,50;2,05;nan;nan;-38,50;3,50;nan;38,92;38,93;NaN;-9,62;0,88;9,73;9,73;1,00;-0,99;-0,99;
2.4.2015 15:00;000,0;013,3;;;;;21777;1496283;5578;165364;62;709;0;0;0;0;0;0;0;;-8,00;-7,75;-7,00;1,25;0,00;1,00;13121,00;13245,00;13047,00;0,62;0,60;0,56;;8,00;7,75;7,25;nan;0,00;1,60;-23,00;2,50;nan;23,39;23,41;NaN;-5,75;0,62;5,85;5,85;0,99;-0,98;-0,98;
2.4.2015 15:15;000,0;010,5;;;;;21777;1496285;5578;165364;62;709;0;0;0;0;0;0;0;;-9,00;-8,75;-8,00;1,25;0,00;1,00;13107,00;13221,00;13034,00;0,70;0,68;0,64;;9,00;9,00;8,25;nan;2,11;1,75;-26,25;2,50;nan;26,57;26,59;NaN;-6,56;0,62;6,64;6,65;1,00;-0,99;-0,99;
2.4.2015 15:30;000,0;009,7;;;;;21777;1496288;5578;165364;62;709;0;0;0;0;0;0;0;;-8,00;-8,00;-7,50;1,25;0,50;0,75;13109,00;13232,00;13037,00;0,62;0,62;0,59;;8,00;8,00;7,50;nan;nan;nan;-23,75;2,75;nan;24,02;24,03;NaN;-5,94;0,69;6,01;6,01;0,99;-0,99;-0,99;
2.4.2015 15:45;000,0;008,3;;;;;21777;1496290;5578;165364;62;709;0;0;0;0;0;0;0;;-6,75;-7,00;-6,00;1,25;0,00;0,75;13117,00;13238,00;13040,00;0,54;0,54;0,48;;7,00;7,00;6,25;1,37;0,00;1,58;-20,00;2,25;2,95;20,56;20,58;3,13;-5,00;0,56;5,14;5,15;0,99;-0,97;-0,97;
2.4.2015 16:00;000,0;007,4;;;;;21777;1496292;5578;165365;62;709;0;0;0;0;0;0;0;;-5,50;-5,75;-5,25;1,00;0,50;0,75;13128,00;13245,00;13053,00;0,45;0,45;0,43;;5,75;6,00;5,50;1,35;1,64;1,46;-17,00;2,50;4,44;17,45;17,45;NaN;-4,25;0,62;4,36;4,36;0,99;-0,97;-0,97;
2.4.2015 16:15;000,0;006,1;;;;;21777;1496293;5578;165365;62;709;0;0;0;0;0;0;0;;-4,75;-4,75;-4,00;1,25;0,00;0,75;13133,00;13244,00;13045,00;0,38;0,37;0,33;;5,00;4,75;4,25;0,94;0,00;1,22;-13,50;2,25;2,16;14,20;14,22;3,21;-3,38;0,56;3,55;3,56;0,99;-0,95;-0,95;
2.4.2015 16:30;000,0;005,2;;;;;21777;1496295;5578;165365;62;709;0;0;0;0;0;0;0;;-4,50;-4,50;-3,75;1,25;0,00;0,75;13161,00;13284,00;13082,00;0,37;0,35;0,31;;4,75;4,50;3,75;0,87;0,00;nan;-12,75;2,25;nan;13,51;13,55;NaN;-3,19;0,56;3,38;3,39;0,98;-0,94;-0,94;
2.4.2015 16:45;000,0;008,2;;;;;21777;1496297;5578;165365;62;709;0;0;0;0;0;0;0;;-9,75;-9,50;-9,50;1,00;0,75;1,00;13110,00;13229,00;13031,00;0,76;0,74;0,75;;9,75;9,75;9,75;nan;2,06;1,95;-29,00;3,00;nan;29,46;29,46;NaN;-7,25;0,75;7,37;7,37;0,99;-0,98;-0,98;
2.4.2015 17:00;000,0;005,9;;;;;21777;1496298;5578;165366;62;709;0;0;0;0;0;0;0;;-3,25;-2,75;-2,25;1,00;0,00;1,00;13164,00;13280,00;13090,00;0,27;0,23;0,21;;3,50;3,00;2,75;0,83;1,20;1,22;-8,50;2,25;3,25;9,32;9,38;0,17;-2,12;0,56;2,33;2,34;0,97;-0,91;-0,91;
2.4.2015 17:15;000,0;002,7;;;;;21777;1496299;5578;165366;62;709;0;0;0;0;0;0;0;;-2,00;-2,00;-1,50;1,00;0,00;0,75;13150,00;13271,00;13071,00;0,19;0,16;0,15;;2,25;2,00;1,75;0,25;0,00;0,50;-5,75;1,75;0,75;6,58;6,61;2,66;-1,44;0,44;1,65;1,65;0,95;-0,87;-0,87;
2.4.2015 17:30;000,0;002,0;;;;;21777;1496299;5578;165366;62;709;0;0;0;0;0;0;0;;-2,00;-1,50;-1,00;1,00;0,00;0,75;13168,00;13282,00;13091,00;0,18;0,14;0,12;;2,25;1,75;1,50;0,25;0,90;0,83;-4,50;2,00;1,98;5,70;5,81;2,36;-1,12;0,50;1,43;1,45;0,90;-0,79;-0,77;
2.4.2015 17:45;000,2;000,7;;;;;21777;1496299;5578;165366;62;709;0;0;0;0;0;0;0;;0,00;0,00;0,50;1,00;0,00;0,75;13201,00;13314,00;13120,00;0,11;0,09;0,11;;1,25;0,00;1,25;0,75;0,00;0,87;0,50;1,75;1,62;3,99;4,02;3,20;0,12;0,44;1,00;1,01;-0,94;0,13;0,12;
2.4.2015 18:00;000,0;000,9;;;;;21777;1496300;5578;165366;62;709;0;0;0;0;0;0;0;;-0,50;-0,25;0,00;0,75;0,00;0,75;13200,00;13310,00;13116,00;0,10;0,09;0,10;;1,25;1,25;1,25;0,87;1,22;1,00;-0,75;1,50;3,09;3,86;3,86;1,60;-0,19;0,38;0,97;0,97;-0,42;-0,19;-0,19;
2.4.2015 18:15;000,1;000,0;;;;;21777;1496300;5578;165366;62;709;0;0;0;0;0;0;0;;0,00;0,00;0,50;1,00;0,00;0,75;13216,00;13324,00;13122,00;0,10;0,09;0,11;;1,25;0,00;1,25;0,75;0,00;0,87;0,50;1,75;1,62;4,00;4,02;3,20;0,12;0,44;1,00;1,00;-0,94;0,13;0,12;
2.4.2015 18:30;000,8;000,0;;;;;21778;1496300;5579;165366;62;709;0;0;0;0;0;0;0;;0,50;1,00;1,50;0,00;-0,50;0,00;13180,00;13297,00;13091,00;0,06;0,09;0,12;;0,75;1,00;1,50;0,56;nan;0,00;3,25;-0,50;nan;3,49;3,63;NaN;0,81;-0,12;0,87;0,91;0,99;0,93;0,90;
2.4.2015 18:45;001,2;000,0;;;;;21778;1496300;5579;165366;62;709;0;0;0;0;0;0;0;;0,50;0,75;0,75;0,00;0,00;0,00;13178,00;13303,00;13094,00;0,04;0,07;0,06;;0,50;0,75;0,75;0,00;0,00;0,00;2,25;0,00;0,00;2,31;2,37;0,73;0,56;0,00;0,58;0,59;1,00;0,97;0,95;
2.4.2015 19:00;001,2;000,0;;;;;21778;1496300;5579;165366;62;709;0;0;0;0;0;0;0;;0,50;1,00;1,50;0,00;-0,50;0,00;13200,00;13310,00;13103,00;0,05;0,09;0,12;;0,75;1,00;1,50;0,56;nan;0,00;3,25;-0,50;nan;3,46;3,61;NaN;0,81;-0,12;0,87;0,90;0,99;0,94;0,90;
2.4.2015 19:15;001,2;000,0;;;;;21778;1496300;5579;165366;62;709;0;0;0;0;0;0;0;;0,50;0,75;0,75;0,00;0,00;0,00;13201,00;13322,00;13114,00;0,04;0,07;0,06;;0,50;0,75;0,75;0,00;0,00;0,00;2,25;0,00;0,00;2,31;2,37;0,74;0,56;0,00;0,58;0,59;1,00;0,97;0,95;
2.4.2015 19:30;001,2;000,0;;;;;21779;1496300;5579;165366;62;709;0;0;0;0;0;0;0;;0,50;1,00;1,50;0,00;-0,50;0,00;13200,00;13322,00;13115,00;0,05;0,09;0,12;;0,75;1,00;1,50;0,56;nan;0,00;3,25;-0,50;nan;3,47;3,61;NaN;0,81;-0,12;0,87;0,90;0,99;0,94;0,90;
2.4.2015 19:45;001,2;000,0;;;;;21779;1496300;5579;165366;62;709;0;0;0;0;0;0;0;;0,50;1,00;1,50;0,00;-0,50;0,00;13179,00;13298,00;13100,00;0,05;0,09;0,12;;0,75;1,00;1,50;0,56;nan;0,00;3,25;-0,50;nan;3,46;3,61;NaN;0,81;-0,12;0,87;0,90;0,99;0,94;0,90;
2.4.2015 20:00;001,2;000,0;;;;;21779;1496300;5579;165366;62;709;0;0;0;0;0;0;0;;0,50;1,00;1,50;0,00;-0,50;0,00;13218,00;13327,00;13128,00;0,05;0,09;0,12;;0,75;1,00;1,50;0,56;nan;0,00;3,25;-0,50;nan;3,47;3,62;NaN;0,81;-0,12;0,87;0,90;0,99;0,94;0,90;
2.4.2015 20:15;001,2;000,0;;;;;21780;1496300;5579;165366;62;709;0;0;0;0;0;0;0;;0,50;1,00;1,50;0,00;-0,50;0,00;13177,00;13300,00;13091,00;0,05;0,09;0,12;;0,50;1,00;1,50;0,00;nan;0,00;3,25;-0,50;nan;3,46;3,61;NaN;0,81;-0,12;0,86;0,90;0,99;0,94;0,90;
2.4.2015 20:30;001,3;000,0;;;;;21780;1496300;5579;165366;62;709;0;0;0;0;0;0;0;;0,50;1,00;1,50;0,00;-0,50;0,00;13224,00;13351,00;13138,00;0,05;0,09;0,12;;0,75;1,00;1,50;0,56;nan;0,00;3,25;-0,50;nan;3,47;3,62;NaN;0,81;-0,12;0,87;0,91;0,99;0,94;0,90;
2.4.2015 20:45;001,2;000,0;;;;;21780;1496300;5579;165366;62;709;0;0;0;0;0;0;0;;0,50;1,00;1,50;0,00;-0,50;0,00;13238,00;13355,00;13142,00;0,05;0,09;0,12;;0,75;1,00;1,50;0,56;nan;0,00;3,25;-0,50;nan;3,47;3,62;NaN;0,81;-0,12;0,87;0,91;0,99;0,94;0,90;
2.4.2015 21:00;001,2;000,0;;;;;21781;1496300;5579;165366;62;709;0;0;0;0;0;0;0;;0,50;1,00;1,50;0,00;-0,50;0,00;13235,00;13371,00;13156,00;0,05;0,09;0,12;;0,75;1,00;1,50;0,56;nan;0,00;3,25;-0,50;nan;3,48;3,62;NaN;0,81;-0,12;0,87;0,91;0,99;0,93;0,90;
2.4.2015 21:15;001,3;000,0;;;;;21781;1496300;5579;165366;62;709;0;0;0;0;0;0;0;;0,50;0,75;0,75;0,00;0,00;0,00;13243,00;13359,00;13160,00;0,04;0,07;0,06;;0,50;0,75;0,75;0,00;0,00;0,00;2,25;0,00;0,00;2,32;2,38;0,77;0,56;0,00;0,58;0,59;1,00;0,97;0,95;
2.4.2015 21:30;001,4;000,0;;;;;21781;1496300;5579;165366;62;709;0;0;0;0;0;0;0;;0,50;1,00;1,50;0,00;-0,50;0,00;13241,00;13366,00;13162,00;0,06;0,09;0,12;;0,75;1,00;1,50;0,56;nan;0,00;3,25;-0,50;nan;3,51;3,65;NaN;0,81;-0,12;0,88;0,91;0,99;0,93;0,89;
2.4.2015 21:45;001,2;000,0;;;;;21782;1496300;5579;165366;62;709;0;0;0;0;0;0;0;;0,50;1,00;1,50;0,00;-0,50;0,00;13273,00;13394,00;13194,00;0,06;0,09;0,12;;0,75;1,00;1,50;0,56;nan;0,00;3,25;-0,50;nan;3,55;3,69;NaN;0,81;-0,12;0,89;0,92;0,99;0,91;0,88;
2.4.2015 22:00;001,3;000,0;;;;;21782;1496300;5579;165366;62;709;0;0;0;0;0;0;0;;0,50;1,00;1,50;0,00;-0,50;0,00;13255,00;13374,00;13170,00;0,05;0,09;0,12;;0,75;1,00;1,50;0,56;nan;0,00;3,25;-0,50;nan;3,48;3,63;NaN;0,81;-0,12;0,87;0,91;0,99;0,93;0,90;
2.4.2015 22:15;001,4;000,0;;;;;21782;1496300;5579;165366;62;709;0;0;0;0;0;0;0;;0,50;1,00;1,50;0,00;-0,50;0,00;13270,00;13381,00;13176,00;0,06;0,09;0,12;;0,75;1,00;1,50;0,56;nan;0,00;3,25;-0,50;nan;3,52;3,65;NaN;0,81;-0,12;0,88;0,91;0,99;0,92;0,89;
2.4.2015 22:30;001,3;000,0;;;;;21783;1496300;5579;165366;62;709;0;0;0;0;0;0;0;;0,50;1,00;1,50;0,00;-0,50;0,00;13278,00;13388,00;13196,00;0,06;0,09;0,12;;0,75;1,00;1,50;0,56;nan;0,00;3,25;-0,50;nan;3,59;3,73;NaN;0,81;-0,12;0,90;0,93;0,99;0,91;0,87;
2.4.2015 22:45;001,4;000,0;;;;;21783;1496300;5579;165366;62;709;0;0;0;0;0;0;0;;0,50;1,00;1,50;0,00;0,00;0,00;13334,00;13449,00;13254,00;0,06;0,09;0,12;;0,75;1,25;1,50;0,56;0,75;0,00;3,25;0,00;1,31;3,60;3,75;1,33;0,81;0,00;0,90;0,94;1,00;0,90;0,87;
2.4.2015 23:00;001,5;000,0;;;;;21783;1496300;5579;165366;62;709;0;0;0;0;0;0;0;;0,50;1,00;1,50;0,00;0,00;0,00;13362,00;13462,00;13276,00;0,06;0,09;0,12;;0,75;1,00;1,50;0,56;0,00;0,00;3,25;0,00;0,56;3,61;3,75;1,79;0,81;0,00;0,90;0,94;1,00;0,90;0,87;
2.4.2015 23:15;001,3;000,0;;;;;21784;1496300;5579;165366;62;709;0;0;0;0;0;0;0;;0,50;1,00;1,50;0,00;0,00;0,00;13340,00;13461,00;13269,00;0,06;0,09;0,12;;0,75;1,25;1,50;0,56;0,75;0,00;3,25;0,00;1,31;3,60;3,75;1,33;0,81;0,00;0,90;0,94;1,00;0,90;0,87;
2.4.2015 23:30;001,5;000,0;;;;;21784;1496300;5579;165366;62;709;0;0;0;0;0;0;0;;0,50;1,00;1,50;0,00;0,00;0,00;13369,00;13482,00;13279,00;0,06;0,09;0,12;;0,75;1,25;1,50;0,56;0,75;0,00;3,25;0,00;1,31;3,61;3,75;1,35;0,81;0,00;0,90;0,94;1,00;0,90;0,87;
2.4.2015 23:45;001,5;000,0;;;;;21784;1496300;5579;165366;62;709;0;0;0;0;0;0;0;;0,50;1,00;1,50;0,00;0,00;0,00;13393,00;13513,00;13308,00;0,06;0,09;0,12;;0,75;1,25;1,50;0,56;0,75;0,00;3,25;0,00;1,31;3,62;3,76;1,37;0,81;0,00;0,90;0,94;1,00;0,90;0,86;
3.4.2015 00:00;001,5;000,0;;;;;21785;1496300;5579;165366;62;709;0;0;0;0;0;0;0;;0,50;1,00;1,50;0,00;0,00;0,00;13398,00;13502,00;13309,00;0,06;0,09;0,12;;0,75;1,25;1,50;0,56;0,75;0,00;3,25;0,00;1,31;3,62;3,76;1,37;0,81;0,00;0,90;0,94;1,00;0,90;0,86;
3.4.2015 00:15;001,5;000,0;;;;;21785;1496300;5579;165366;62;709;0;0;0;0;0;0;0;;0,50;1,00;1,50;0,00;0,00;0,00;13432,00;13551,00;13342,00;0,06;0,09;0,12;;0,75;1,25;1,50;0,56;0,75;0,00;3,25;0,00;1,31;3,63;3,77;1,40;0,81;0,00;0,91;0,94;1,00;0,90;0,86;
3.4.2015 00:30;001,5;000,0;;;;;21786;1496300;5579;165366;62;709;0;0;0;0;0;0;0;;0,50;1,00;1,50;0,00;0,00;0,00;13432,00;13555,00;13346,00;0,06;0,09;0,12;;0,75;1,25;1,50;0,56;0,75;0,00;3,25;0,00;1,31;3,63;3,77;1,40;0,81;0,00;0,91;0,94;1,00;0,90;0,86;
3.4.2015 00:45;001,5;000,0;;;;;21786;1496300;5579;165366;62;709;0;0;0;0;0;0;0;;0,50;1,00;1,50;0,00;0,00;0,00;13441,00;13565,00;13358,00;0,06;0,09;0,12;;0,75;1,25;1,50;0,56;0,75;0,00;3,25;0,00;1,31;3,63;3,78;1,41;0,81;0,00;0,91;0,94;1,00;0,90;0,86;
3.4.2015 01:00;001,6;000,0;;;;;21786;1496300;5579;165366;62;709;0;0;0;0;0;0;0;;2,00;1,25;1,75;0,00;0,00;0,00;13430,00;13557,00;13343,00;0,16;0,11;0,15;;2,00;1,50;2,00;0,00;0,83;0,97;5,50;0,00;1,80;5,68;5,75;NaN;1,38;0,00;1,42;1,44;1,00;0,97;0,96;
3.4.2015 01:15;001,7;000,0;;;;;21787;1496300;5579;165366;62;709;0;0;0;0;0;0;0;;0,50;1,00;1,50;0,00;0,00;0,00;13424,00;13544,00;13334,00;0,06;0,09;0,12;;0,75;1,25;1,50;0,56;0,75;0,00;3,25;0,00;1,31;3,62;3,77;1,39;0,81;0,00;0,91;0,94;1,00;0,90;0,86;
3.4.2015 01:30;001,5;000,0;;;;;21787;1496300;5579;165366;62;709;0;0;0;0;0;0;0;;0,50;1,00;1,50;0,00;0,00;0,00;13428,00;13550,00;13344,00;0,06;0,09;0,12;;0,75;1,25;1,50;0,56;0,75;0,00;3,25;0,00;1,31;3,63;3,77;1,40;0,81;0,00;0,91;0,94;1,00;0,90;0,86;
3.4.2015 01:45;001,6;000,0;;;;;21787;1496300;5579;165366;62;709;0;0;0;0;0;0;0;;0,50;1,00;1,50;0,00;0,00;0,00;13428,00;13554,00;13346,00;0,06;0,09;0,12;;0,75;1,25;1,50;0,56;0,75;0,00;3,25;0,00;1,31;3,63;3,77;1,40;0,81;0,00;0,91;0,94;1,00;0,90;0,86;
3.4.2015 02:00;001,6;000,0;;;;;21788;1496300;5579;165366;62;709;0;0;0;0;0;0;0;;2,00;1,50;1,75;0,00;0,00;0,00;13460,00;13585,00;13373,00;0,16;0,11;0,15;;2,00;1,50;2,00;0,00;0,00;0,97;5,50;0,00;0,97;5,69;5,76;1,43;1,38;0,00;1,42;1,44;1,00;0,97;0,95;
3.4.2015 02:15;001,7;000,0;;;;;21788;1496300;5579;165366;62;709;0;0;0;0;0;0;0;;0,50;1,00;1,50;0,00;0,00;0,00;13449,00;13567,00;13362,00;0,06;0,09;0,12;;0,75;1,25;1,50;0,56;0,75;0,00;3,25;0,00;1,31;3,67;3,82;1,53;0,81;0,00;0,92;0,96;1,00;0,89;0,85;
3.4.2015 02:30;001,5;000,0;;;;;21789;1496300;5579;165366;62;709;0;0;0;0;0;0;0;;0,50;1,00;1,50;0,00;0,00;0,00;13431,00;13555,00;13341,00;0,06;0,09;0,12;;0,75;1,25;1,50;0,56;0,75;0,00;3,25;0,00;1,31;3,63;3,77;1,40;0,81;0,00;0,91;0,94;1,00;0,90;0,86;
3.4.2015 02:45;001,6;000,0;;;;;21789;1496300;5579;165366;62;709;0;0;0;0;0;0;0;;0,50;1,00;1,50;0,00;0,00;0,00;13437,00;13545,00;13343,00;0,06;0,09;0,12;;0,75;1,25;1,50;0,56;0,75;0,00;3,25;0,00;1,31;3,63;3,77;1,40;0,81;0,00;0,91;0,94;1,00;0,90;0,86;
3.4.2015 03:00;001,7;000,0;;;;;21789;1496300;5579;165366;62;709;0;0;0;0;0;0;0;;0,50;1,00;1,50;0,00;0,00;0,00;13438,00;13561,00;13363,00;0,06;0,09;0,12;;0,75;1,25;1,50;0,56;0,75;0,00;3,25;0,00;1,31;3,63;3,78;1,41;0,81;0,00;0,91;0,94;1,00;0,90;0,86;
3.4.2015 03:15;001,5;000,0;;;;;21790;1496300;5579;165366;62;709;0;0;0;0;0;0;0;;0,50;1,00;1,50;0,00;0,00;0,00;13447,00;13565,00;13369,00;0,06;0,09;0,12;;0,75;1,25;1,50;0,56;0,75;0,00;3,25;0,00;1,31;3,67;3,82;1,53;0,81;0,00;0,92;0,96;1,00;0,89;0,85;
3.4.2015 03:30;001,8;000,0;;;;;21790;1496300;5579;165366;62;709;0;0;0;0;0;0;0;;2,00;1,25;1,75;0,00;0,00;0,00;13442,00;13569,00;13361,00;0,16;0,11;0,15;;2,00;1,50;2,00;0,00;0,83;0,97;5,50;0,00;1,80;5,68;5,76;NaN;1,38;0,00;1,42;1,44;1,00;0,97;0,96;
3.4.2015 03:45;001,5;000,0;;;;;21791;1496300;5579;165366;62;709;0;0;0;0;0;0;0;;0,50;1,00;1,50;0,00;0,00;0,00;13434,00;13560,00;13364,00;0,06;0,09;0,12;;0,75;1,25;1,50;0,56;0,75;0,00;3,25;0,00;1,31;3,63;3,78;1,41;0,81;0,00;0,91;0,94;1,00;0,90;0,86;
3.4.2015 04:00;001,6;000,0;;;;;21791;1496300;5579;165366;62;709;0;0;0;0;0;0;0;;0,50;1,00;1,50;0,00;0,00;0,00;13434,00;13546,00;13350,00;0,06;0,09;0,12;;0,75;1,25;1,50;0,56;0,75;0,00;3,25;0,00;1,31;3,63;3,77;1,40;0,81;0,00;0,91;0,94;1,00;0,90;0,86;
3.4.2015 04:15;001,7;000,0;;;;;21792;1496300;5579;165366;62;709;0;0;0;0;0;0;0;;0,50;1,00;1,50;0,00;0,00;0,00;13429,00;13545,00;13349,00;0,06;0,09;0,12;;0,75;1,25;1,50;0,56;0,75;0,00;3,25;0,00;1,31;3,63;3,77;1,40;0,81;0,00;0,91;0,94;1,00;0,90;0,86;
3.4.2015 04:30;001,6;000,0;;;;;21792;1496300;5579;165366;62;709;0;0;0;0;0;0;0;;0,50;1,00;1,50;0,00;0,00;0,00;13426,00;13555,00;13344,00;0,06;0,09;0,12;;0,75;1,25;1,50;0,56;0,75;0,00;3,25;0,00;1,31;3,63;3,77;1,40;0,81;0,00;0,91;0,94;1,00;0,90;0,86;
3.4.2015 04:45;001,7;000,0;;;;;21792;1496300;5579;165366;62;709;0;0;0;0;0;0;0;;0,50;1,00;1,50;0,00;0,00;0,00;13416,00;13541,00;13336,00;0,06;0,09;0,12;;0,75;1,25;1,50;0,56;0,75;0,00;3,25;0,00;1,31;3,62;3,77;1,39;0,81;0,00;0,91;0,94;1,00;0,90;0,86;
3.4.2015 05:00;001,5;000,0;;;;;21793;1496300;5579;165366;62;709;0;0;0;0;0;0;0;;0,50;1,00;1,50;0,00;0,00;0,00;13432,00;13564,00;13356,00;0,06;0,09;0,12;;0,75;1,25;1,50;0,56;0,75;0,00;3,25;0,00;1,31;3,63;3,78;1,41;0,81;0,00;0,91;0,94;1,00;0,90;0,86;
3.4.2015 05:15;001,7;000,0;;;;;21793;1496300;5579;165366;62;709;0;0;0;0;0;0;0;;0,50;1,00;1,50;0,00;-0,50;0,00;13266,00;13389,00;13183,00;0,05;0,09;0,12;;0,75;1,00;1,50;0,56;nan;0,00;3,25;-0,50;nan;3,52;3,66;NaN;0,81;-0,12;0,88;0,92;0,99;0,92;0,89;
3.4.2015 05:30;001,5;000,0;;;;;21794;1496300;5579;165366;62;709;0;0;0;0;0;0;0;;0,50;1,00;1,50;0,00;-0,50;0,00;13275,00;13399,00;13190,00;0,06;0,09;0,12;;0,75;1,00;1,50;0,56;nan;0,00;3,25;-0,50;nan;3,55;3,69;NaN;0,81;-0,12;0,89;0,92;0,99;0,91;0,88;
3.4.2015 05:45;001,6;000,0;;;;;21794;1496300;5579;165366;62;710;0;0;0;0;0;0;0;;2,00;1,25;1,75;0,00;0,00;0,00;13259,00;13385,00;13182,00;0,16;0,11;0,15;;2,00;1,25;1,75;0,00;0,00;0,00;5,25;0,00;0,00;5,50;5,58;1,89;1,31;0,00;1,38;1,40;1,00;0,95;0,94;
3.4.2015 06:00;001,6;000,0;;;;;21794;1496300;5579;165366;62;710;0;0;0;0;0;0;0;;0,50;1,00;1,50;0,00;-0,50;0,00;13281,00;13402,00;13205,00;0,06;0,09;0,12;;0,75;1,00;1,50;0,56;nan;0,00;3,25;-0,50;nan;3,59;3,73;NaN;0,81;-0,12;0,90;0,93;0,99;0,91;0,87;
3.4.2015 06:15;001,4;000,0;;;;;21795;1496300;5579;165366;62;710;0;0;0;0;0;0;0;;0,50;1,00;1,50;0,00;-0,50;0,00;13243,00;13368,00;13165,00;0,06;0,09;0,12;;0,75;1,00;1,50;0,56;nan;0,00;3,25;-0,50;nan;3,54;3,68;NaN;0,81;-0,12;0,89;0,92;0,99;0,92;0,88;
3.4.2015 06:30;001,6;000,0;;;;;21795;1496300;5579;165366;62;710;0;0;0;0;0;0;0;;2,00;1,25;1,75;0,00;0,00;0,00;13234,00;13353,00;13156,00;0,16;0,11;0,15;;2,00;1,25;1,75;0,00;0,00;0,00;5,25;0,00;0,00;5,49;5,57;1,86;1,31;0,00;1,37;1,39;1,00;0,96;0,94;
3.4.2015 06:45;001,6;000,0;;;;;21795;1496300;5580;165366;62;710;0;0;0;0;0;0;0;;0,00;0,75;1,75;9,00;7,25;8,75;13236,00;13357,00;13161,00;0,69;0,56;0,69;;9,00;7,25;9,00;0,00;nan;1,17;2,50;25,25;nan;25,66;25,79;NaN;0,62;6,31;6,42;6,45;-0,78;0,10;0,10;
3.4.2015 07:00;001,0;000,0;;;;;21796;1496300;5582;165366;62;710;0;0;0;0;0;0;0;;0,00;0,50;1,50;5,25;3,50;5,00;13233,00;13352,00;13156,00;0,41;0,29;0,42;;5,50;3,75;5,50;1,64;1,25;1,73;2,00;14,00;4,62;14,82;15,03;2,14;0,50;3,50;3,71;3,76;0,75;0,13;0,13;
3.4.2015 07:15;000,5;000,2;;;;;21796;1496300;5583;165367;62;710;0;0;0;0;0;0;0;;0,00;-0,75;-0,25;1,00;0,75;0,00;13230,00;13346,00;13152,00;0,10;0,11;0,07;;1,25;1,50;0,75;0,75;1,06;0,71;-1,25;1,75;2,52;3,78;3,82;1,91;-0,31;0,44;0,94;0,96;0,17;-0,33;-0,33;
3.4.2015 07:30;000,1;001,5;;;;;21796;1496300;5583;165367;62;710;0;0;0;0;0;0;0;;0,00;0,00;0,50;1,00;0,00;0,75;13209,00;13321,00;13127,00;0,10;0,08;0,11;;1,25;0,00;1,25;0,75;0,00;0,87;0,50;1,75;1,62;3,83;3,86;3,00;0,12;0,44;0,96;0,97;-0,94;0,13;0,13;
3.4.2015 07:45;000,2;000,3;;;;;21796;1496300;5583;165367;62;710;0;0;0;0;0;0;0;;-1,25;-1,00;-0,50;1,00;0,00;0,75;13224,00;13335,00;13133,00;0,14;0,10;0,10;;1,75;1,25;1,25;0,71;0,75;0,87;-3,00;2,00;2,32;4,63;4,70;1,92;-0,75;0,50;1,16;1,17;0,79;-0,65;-0,64;
3.4.2015 08:00;000,0;002,2;;;;;21796;1496301;5583;165367;62;710;0;0;0;0;0;0;0;;-6,25;-6,00;-5,25;1,25;0,00;0,75;13212,00;13335,00;13130,00;0,49;0,47;0,43;;6,50;6,25;5,50;1,27;1,75;1,46;-17,75;2,25;4,48;18,45;18,48;1,07;-4,44;0,56;4,61;4,62;0,99;-0,96;-0,96;
3.4.2015 08:15;000,0;006,0;;;;;21796;1496302;5583;165367;62;710;0;0;0;0;0;0;0;;-3,50;-3,25;-2,75;1,00;0,00;1,00;13188,00;13309,00;13109,00;0,30;0,26;0,25;;3,75;3,50;3,25;0,90;1,30;1,41;-9,75;2,00;3,61;10,73;10,76;1,91;-2,44;0,50;2,68;2,69;0,98;-0,91;-0,91;
3.4.2015 08:30;000,0;004,7;;;;;21796;1496303;5583;165367;62;710;0;0;0;0;0;0;0;;-7,75;-7,50;-7,00;1,25;0,00;1,00;13160,00;13289,00;13079,00;0,61;0,57;0,55;;8,00;7,50;7,00;1,54;0,00;nan;-22,25;2,25;nan;22,80;22,82;NaN;-5,56;0,56;5,70;5,70;0,99;-0,98;-0,98;
3.4.2015 08:45;000,0;012,6;;;;;21796;1496307;5583;165368;62;710;0;0;0;0;0;0;0;;-8,75;-8,50;-8,00;1,25;0,00;1,00;13157,00;13292,00;13083,00;0,68;0,65;0,62;;8,75;8,50;8,00;nan;0,00;nan;-25,25;2,25;nan;25,73;25,75;NaN;-6,31;0,56;6,43;6,44;1,00;-0,98;-0,98;
3.4.2015 09:00;000,0;010,4;;;;;21796;1496309;5583;165368;62;710;0;0;0;0;0;0;0;;-8,75;-8,50;-8,00;1,25;0,00;1,00;13167,00;13285,00;13084,00;0,68;0,65;0,62;;8,75;8,50;8,00;nan;0,00;nan;-25,25;2,25;nan;25,73;25,75;NaN;-6,31;0,56;6,43;6,44;1,00;-0,98;-0,98;
3.4.2015 09:15;000,0;010,2;;;;;21796;1496312;5583;165368;62;710;0;0;0;0;0;0;0;;-8,00;-7,75;-7,25;1,25;0,00;1,00;13152,00;13276,00;13080,00;0,63;0,60;0,57;;8,25;8,00;7,25;1,58;1,98;nan;-23,25;2,25;nan;23,67;23,69;NaN;-5,81;0,56;5,92;5,92;1,00;-0,98;-0,98;
3.4.2015 09:30;000,0;016,4;;;;;21796;1496316;5583;165369;62;710;0;0;0;0;0;0;0;;-16,50;-16,25;-16,00;1,50;0,75;1,25;13131,00;13258,00;13055,00;1,27;1,24;1,25;;16,75;16,25;16,25;2,46;nan;2,55;-49,00;3,75;nan;49,44;49,44;NaN;-12,25;0,94;12,36;12,36;1,00;-0,99;-0,99;
3.4.2015 09:45;000,0;024,3;;;;;21796;1496322;5583;165369;62;710;0;0;0;0;0;0;0;;-26,75;-26,75;-26,00;2,50;1,50;1,75;13126,00;13247,00;13054,00;2,07;2,04;2,01;;27,00;27,00;26,25;2,68;3,34;3,16;-80,00;6,00;9,19;80,37;80,37;NaN;-20,00;1,50;20,09;20,09;1,00;-1,00;-1,00;
3.4.2015 10:00;000,0;044,9;;;;;21796;1496333;5583;165370;62;710;0;0;0;0;0;0;0;;-51,50;-51,75;-50,75;5,50;4,25;4,50;13164,00;13288,00;13075,00;3,94;3,92;3,90;;51,75;52,00;51,00;nan;2,81;2,28;-154,25;14,75;nan;155,05;155,05;NaN;-38,56;3,69;38,76;38,76;1,00;-0,99;-0,99;
3.4.2015 10:15;000,0;082,9;;;;;21796;1496355;5583;165372;62;710;0;0;0;0;0;0;0;;-81,25;-81,75;-80,50;8,50;7,00;7,00;13177,00;13301,00;13086,00;6,21;6,18;6,18;;81,75;82,00;80,75;3,04;nan;nan;-243,75;22,75;nan;245,00;245,01;NaN;-60,94;5,69;61,25;61,25;1,00;-0,99;-0,99;
3.4.2015 10:30;000,0;119,8;;;;;21796;1496384;5583;165375;62;710;0;0;0;0;0;0;0;;-123,75;-124,75;-123,25;13,50;12,00;11,50;13214,00;13335,00;13126,00;9,43;9,41;9,44;;124,50;125,50;123,75;1,98;6,61;nan;-372,00;37,00;nan;373,97;373,98;NaN;-93,00;9,25;93,49;93,49;1,00;-0,99;-0,99;
3.4.2015 10:45;000,0;167,3;;;;;21796;1496427;5583;165380;62;710;0;0;0;0;0;0;0;;-157,50;-158,75;-156,75;20,00;17,75;17,00;13240,00;13344,00;13140,00;12,01;11,99;12,01;;158,75;160,00;157,75;nan;9,13;5,05;-473,50;54,75;nan;476,75;476,76;NaN;-118,38;13,69;119,19;119,19;0,99;-0,99;-0,99;
3.4.2015 11:00;000,0;201,2;;;;;21796;1496477;5583;165385;62;710;0;0;0;0;0;0;0;;-183,00;-185,00;-182,25;23,00;20,25;19,25;13258,00;13379,00;13168,00;13,92;13,91;13,92;;184,50;186,00;183,25;4,72;nan;nan;-550,25;62,50;nan;554,05;554,06;NaN;-137,56;15,62;138,51;138,52;0,99;-0,99;-0,99;
3.4.2015 11:15;000,0;226,9;;;;;21796;1496534;5583;165392;62;710;0;0;0;0;0;0;0;;-197,00;-199,00;-196,50;25,75;23,50;21,75;13255,00;13358,00;13144,00;15,00;15,02;15,05;;198,75;200,50;197,75;5,43;6,86;4,44;-592,75;71,25;16,73;597,31;597,33;9,66;-148,19;17,81;149,33;149,33;0,99;-0,99;-0,99;
3.4.2015 11:30;000,0;251,4;;;;;21796;1496597;5583;165400;62;710;0;0;0;0;0;0;0;;-196,50;-198,50;-196,00;25,50;23,25;22,00;13255,00;13375,00;13152,00;14,96;14,95;15,00;;198,25;199,75;197,25;6,37;nan;2,75;-591,00;71,00;nan;595,50;595,52;NaN;-147,75;17,75;148,87;148,88;0,99;-0,99;-0,99;
3.4.2015 11:45;000,0;261,0;;;;;21796;1496662;5583;165408;62;710;0;0;0;0;0;0;0;;-215,25;-217,25;-214,50;29,50;27,00;25,25;13277,00;13375,00;13169,00;16,38;16,39;16,42;;217,50;219,00;216,25;10,17;5,87;10,78;-647,50;82,00;26,82;652,93;652,95;NaN;-161,88;20,50;163,23;163,24;0,99;-0,99;-0,99;
3.4.2015 12:00;000,0;288,8;;;;;21796;1496734;5583;165419;62;710;0;0;0;0;0;0;0;;-253,75;-256,25;-252,50;39,50;36,00;34,50;13284,00;13396,00;13184,00;19,34;19,33;19,35;;256,75;258,75;255,00;nan;nan;8,86;-762,75;110,25;nan;770,97;770,99;NaN;-190,69;27,56;192,74;192,75;0,99;-0,99;-0,99;
3.4.2015 12:15;000,0;315,5;;;;;21796;1496813;5583;165430;62;710;0;0;0;0;0;0;0;;-273,25;-275,75;-272,00;43,75;40,00;38,25;13415,00;13523,00;13307,00;20,63;20,62;20,65;;276,75;278,75;274,75;3,31;7,97;6,36;-821,00;122,25;17,64;830,39;830,41;16,67;-205,25;30,56;207,60;207,60;0,99;-0,99;-0,99;
3.4.2015 12:30;000,0;295,5;;;;;21796;1496887;5583;165440;62;710;0;0;0;0;0;0;0;;-280,50;-283,50;-280,00;45,50;42,50;40,25;13403,00;13521,00;13300,00;21,22;21,21;21,28;;284,25;286,75;283,00;6,90;6,86;8,30;-844,25;128,75;22,06;854,25;854,28;NaN;-211,06;32,19;213,56;213,57;0,99;-0,99;-0,99;
3.4.2015 12:45;000,0;225,3;;;;;21796;1496943;5583;165447;62;710;0;0;0;0;0;0;0;;-205,25;-207,00;-204,50;26,50;24,00;22,75;13375,00;13492,00;13279,00;15,48;15,45;15,51;;207,00;208,50;206,00;4,38;6,87;9,91;-617,00;73,50;21,16;621,45;621,47;NaN;-154,25;18,38;155,36;155,37;0,99;-0,99;-0,99;
3.4.2015 13:00;000,0;159,1;;;;;21796;1496982;5583;165451;62;710;0;0;0;0;0;0;0;;-57,75;-58,50;-57,75;5,25;4,75;4,25;13271,00;13389,00;13181,00;4,39;4,39;4,41;;58,00;58,75;58,00;1,17;2,60;3,30;-174,25;14,75;7,07;175,10;175,11;5,59;-43,56;3,69;43,77;43,78;1,00;-1,00;-1,00;
3.4.2015 13:15;000,0;211,0;;;;;21796;1497036;5583;165459;62;710;0;0;0;0;0;0;0;;-271,50;-274,25;-270,75;43,50;39,75;38,25;13344,00;13455,00;13245,00;20,62;20,60;20,42;;275,00;277,25;273,50;4,53;8,63;5,80;-816,50;121,75;18,95;822,89;822,90;NaN;-204,12;30,44;205,72;205,72;0,99;-0,99;-0,99;
3.4.2015 13:30;000,0;336,6;;;;;21796;1497120;5583;165472;62;710;0;0;0;0;0;0;0;;-278,75;-281,25;-278,25;45,00;41,75;39,75;13410,00;13514,00;13305,00;21,06;21,06;21,13;;282,25;284,50;281,00;nan;9,78;nan;-838,50;126,75;nan;848,19;848,21;NaN;-209,62;31,69;212,05;212,05;0,99;-0,99;-0,99;
3.4.2015 13:45;000,0;224,1;;;;;21796;1497175;5583;165480;62;710;0;0;0;0;0;0;0;;-40,75;-41,25;-40,50;3,75;3,00;2,75;13338,00;13462,00;13253,00;3,09;3,08;3,08;;41,00;41,25;40,75;2,52;nan;3,57;-122,75;9,75;nan;123,43;123,43;NaN;-30,69;2,44;30,86;30,86;1,00;-0,99;-0,99;
3.4.2015 14:00;000,0;118,1;;;;;21796;1497205;5583;165483;62;710;0;0;0;0;0;0;0;;-97,50;-98,75;-97,25;10,50;9,25;8,50;13373,00;13493,00;13284,00;7,35;7,35;7,36;;98,25;99,25;97,75;6,05;3,67;5,02;-293,75;28,50;14,74;295,37;295,38;NaN;-73,44;7,12;73,84;73,84;1,00;-0,99;-0,99;
3.4.2015 14:15;000,0;290,3;;;;;21796;1497278;5583;165495;62;710;0;0;0;0;0;0;0;;-251,00;-253,75;-250,75;37,50;34,25;31,75;13447,00;13552,00;13353,00;18,88;18,91;18,94;;253,75;256,25;252,75;nan;10,10;nan;-755,75;103,75;nan;762,99;763,00;NaN;-188,94;25,94;190,75;190,75;0,99;-0,99;-0,99;
3.4.2015 14:30;000,0;316,4;;;;;21796;1497357;5583;165506;62;710;0;0;0;0;0;0;0;;-261,00;-263,75;-260,75;39,50;36,00;34,50;13495,00;13623,00;13414,00;19,58;19,56;19,62;;264,00;266,25;263,00;3,84;5,39;nan;-786,00;110,50;nan;793,85;793,87;NaN;-196,50;27,62;198,46;198,47;0,99;-0,99;-0,99;
3.4.2015 14:45;000,0;195,0;;;;;21796;1497405;5583;165512;62;710;0;0;0;0;0;0;0;;-101,25;-102,75;-102,00;9,75;9,25;7,75;13447,00;13564,00;13360,00;7,57;7,62;7,67;;101,75;103,25;102,50;2,54;4,18;6,50;-306,25;27,00;13,21;307,69;307,70;NaN;-76,56;6,75;76,92;76,93;1,00;-1,00;-1,00;
3.4.2015 15:00;000,0;257,7;;;;;21796;1497470;5583;165521;62;710;0;0;0;0;0;0;0;;-240,00;-242,50;-240,25;33,50;31,50;29,75;13506,00;13630,00;13414,00;17,96;17,95;18,06;;242,50;244,50;242,00;9,17;nan;nan;-723,00;95,25;nan;729,45;729,48;NaN;-180,75;23,81;182,36;182,37;0,99;-0,99;-0,99;
3.4.2015 15:15;000,0;280,6;;;;;21796;1497541;5583;165531;62;710;0;0;0;0;0;0;0;;-264,50;-267,00;-264,00;40,25;37,25;35,50;13498,00;13616,00;13401,00;19,83;19,82;19,89;;267,50;269,75;266,50;nan;9,41;8,12;-795,75;113,00;nan;804,01;804,04;NaN;-198,94;28,25;201,00;201,01;0,99;-0,99;-0,99;
3.4.2015 15:30;000,0;180,4;;;;;21796;1497585;5583;165536;62;710;0;0;0;0;0;0;0;;-89,25;-90,00;-89,00;8,50;7,25;6,75;13383,00;13497,00;13302,00;6,71;6,70;6,73;;89,75;90,50;89,50;4,15;6,14;6,61;-268,75;22,75;16,90;269,85;269,86;NaN;-67,19;5,69;67,46;67,47;1,00;-1,00;-1,00;
3.4.2015 15:45;000,0;081,9;;;;;21796;1497605;5583;165538;62;710;0;0;0;0;0;0;0;;-51,50;-52,25;-51,75;4,75;4,25;3,75;13361,00;13487,00;13281,00;3,89;3,89;3,91;;51,75;52,50;51,75;1,80;2,85;nan;-155,75;13,00;nan;156,47;156,47;NaN;-38,94;3,25;39,12;39,12;1,00;-1,00;-1,00;
3.4.2015 16:00;000,0;088,9;;;;;21796;1497627;5583;165540;62;710;0;0;0;0;0;0;0;;-43,25;-43,75;-43,00;3,75;3,00;3,00;13368,00;13490,00;13294,00;3,26;3,26;3,26;;43,50;43,75;43,25;2,76;nan;3,54;-130,25;10,00;nan;130,76;130,76;NaN;-32,56;2,50;32,69;32,69;1,00;-1,00;-1,00;
3.4.2015 16:15;000,0;034,7;;;;;21796;1497636;5583;165541;62;710;0;0;0;0;0;0;0;;-17,00;-17,00;-16,50;1,50;1,00;1,25;13410,00;13533,00;13332,00;1,28;1,27;1,26;;17,00;17,00;16,75;nan;nan;2,60;-50,75;3,75;nan;51,08;51,08;NaN;-12,69;0,94;12,77;12,77;1,00;-0,99;-0,99;
3.4.2015 16:30;000,0;043,0;;;;;21796;1497647;5583;165542;62;710;0;0;0;0;0;0;0;;-58,00;-58,50;-57,75;5,00;4,25;4,00;13456,00;13579,00;13373,00;4,34;4,34;4,35;;58,25;58,75;58,00;2,02;3,35;3,60;-174,50;13,50;8,97;175,34;175,34;5,61;-43,62;3,38;43,83;43,84;1,00;-1,00;-1,00;
3.4.2015 16:45;000,0;089,3;;;;;21796;1497669;5583;165544;62;710;0;0;0;0;0;0;0;;-37,75;-38,50;-38,25;3,75;3,50;3,00;13447,00;13566,00;13367,00;2,83;2,86;2,88;;38,00;38,75;38,25;2,21;2,66;nan;-114,50;10,50;nan;115,35;115,36;NaN;-28,62;2,62;28,84;28,84;1,00;-0,99;-0,99;
3.4.2015 17:00;000,0;116,2;;;;;21796;1497698;5583;165546;62;710;0;0;0;0;0;0;0;;-92,75;-93,75;-92,50;8,75;7,50;7,25;13483,00;13611,00;13407,00;6,93;6,92;6,93;;93,25;94,00;92,75;4,05;nan;nan;-279,25;23,75;nan;280,50;280,51;NaN;-69,81;5,94;70,13;70,13;1,00;-1,00;-1,00;
3.4.2015 17:15;000,0;051,0;;;;;21796;1497711;5583;165547;62;710;0;0;0;0;0;0;0;;-53,50;-54,00;-53,50;4,50;4,00;3,50;13436,00;13550,00;13346,00;4,01;4,01;4,03;;53,75;54,25;53,75;2,56;3,33;3,82;-161,50;12,25;9,70;162,07;162,07;NaN;-40,38;3,06;40,52;40,52;1,00;-1,00;-1,00;
3.4.2015 17:30;000,0;109,3;;;;;21796;1497738;5583;165550;62;710;0;0;0;0;0;0;0;;-84,75;-85,50;-84,25;8,50;7,25;6,75;13468,00;13579,00;13373,00;6,34;6,34;6,34;;85,25;86,00;84,75;3,57;5,76;6,24;-255,00;22,75;15,57;256,23;256,23;NaN;-63,75;5,69;64,06;64,06;1,00;-1,00;-1,00;
3.4.2015 17:45;000,0;083,9;;;;;21796;1497759;5583;165552;62;710;0;0;0;0;0;0;0;;-15,25;-15,50;-15,00;2,00;1,75;1,75;13440,00;13558,00;13355,00;1,16;1,16;1,15;;15,50;15,75;15,25;1,92;2,18;2,12;-46,00;5,75;6,22;46,84;46,84;2,58;-11,50;1,44;11,71;11,71;0,99;-0,98;-0,98;
3.4.2015 18:00;000,0;015,2;;;;;21796;1497763;5583;165552;62;710;0;0;0;0;0;0;0;;-15,00;-15,25;-14,75;1,50;1,00;1,00;13423,00;13544,00;13345,00;1,13;1,13;1,12;;15,00;15,25;14,75;nan;nan;nan;-45,25;3,50;nan;45,49;45,49;NaN;-11,31;0,88;11,37;11,37;1,00;-0,99;-0,99;
3.4.2015 18:15;000,0;009,8;;;;;21796;1497765;5583;165552;62;710;0;0;0;0;0;0;0;;-8,75;-9,00;-8,50;1,25;0,75;0,75;13381,00;13505,00;13302,00;0,68;0,68;0,65;;9,00;9,00;8,50;1,70;nan;nan;-26,50;3,00;nan;26,86;26,86;NaN;-6,62;0,75;6,72;6,72;0,99;-0,99;-0,99;
3.4.2015 18:30;000,0;012,6;;;;;21796;1497768;5583;165553;62;710;0;0;0;0;0;0;0;;-16,75;-16,75;-16,50;1,50;1,00;1,00;13391,00;13504,00;13299,00;1,27;1,26;1,26;;17,00;17,00;16,75;2,49;2,73;2,70;-50,50;3,75;7,92;50,81;50,81;NaN;-12,62;0,94;12,70;12,70;1,00;-0,99;-0,99;
3.4.2015 18:45;000,0;016,0;;;;;21796;1497772;5583;165553;62;710;0;0;0;0;0;0;0;;-6,75;-6,75;-6,50;1,00;0,50;0,75;13394,00;13519,00;13310,00;0,52;0,52;0,50;;7,00;7,00;6,50;1,56;1,79;nan;-20,25;2,75;nan;20,68;20,68;NaN;-5,06;0,69;5,17;5,17;0,99;-0,98;-0,98;
3.4.2015 19:00;000,0;004,9;;;;;21796;1497773;5583;165553;62;710;0;0;0;0;0;0;0;;-1,75;-1,50;-0,75;1,00;0,00;0,75;13365,00;13489,00;13273,00;0,18;0,15;0,12;;2,25;1,75;1,50;1,00;0,90;1,06;-4,25;2,00;2,96;5,99;6,07;2,44;-1,06;0,50;1,50;1,52;0,89;-0,71;-0,70;
3.4.2015 19:15;000,0;000,8;;;;;21796;1497774;5583;165553;62;710;0;0;0;0;0;0;0;;0,00;0,00;0,00;0,75;0,00;0,50;13365,00;13483,00;13276,00;0,10;0,10;0,10;;1,25;0,00;1,25;1,00;0,00;1,15;0,00;1,50;2,15;4,15;4,15;3,22;0,00;0,38;1,04;1,04;nan;0,00;0,00;
3.4.2015 19:30;000,7;000,0;;;;;21796;1497774;5583;165553;62;710;0;0;0;0;0;0;0;;0,25;0,50;0,75;0,00;0,00;0,00;13327,00;13449,00;13243,00;0,04;0,04;0,06;;0,25;0,50;0,75;0,00;0,00;0,00;1,75;0,00;0,00;1,83;1,87;0,66;0,44;0,00;0,46;0,47;1,00;0,95;0,94;
3.4.2015 19:45;001,0;000,0;;;;;21796;1497774;5583;165553;62;710;0;0;0;0;0;0;0;;0,50;0,75;0,75;0,00;0,00;0,00;13349,00;13468,00;13255,00;0,04;0,07;0,07;;0,50;0,75;0,75;0,00;0,00;0,00;2,25;0,00;0,00;2,37;2,43;0,93;0,56;0,00;0,59;0,61;1,00;0,95;0,92;
3.4.2015 20:00;001,0;000,0;;;;;21797;1497774;5583;165553;62;710;0;0;0;0;0;0;0;;0,50;0,75;0,75;0,00;0,00;0,00;13310,00;13444,00;13238,00;0,04;0,07;0,07;;0,50;0,75;0,75;0,00;0,00;0,00;2,25;0,00;0,00;2,37;2,43;0,91;0,56;0,00;0,59;0,61;1,00;0,95;0,93;
3.4.2015 20:15;000,8;000,0;;;;;21797;1497774;5583;165553;62;710;0;0;0;0;0;0;0;;0,25;0,50;0,75;0,00;0,00;0,00;13271,00;13397,00;13189,00;0,04;0,04;0,06;;0,25;0,50;0,75;0,00;0,00;0,00;1,75;0,00;0,00;1,83;1,86;0,64;0,44;0,00;0,46;0,47;1,00;0,96;0,94;
3.4.2015 20:30;000,8;000,0;;;;;21797;1497774;5583;165553;62;710;0;0;0;0;0;0;0;;0,50;0,50;1,25;0,00;-0,50;0,00;13282,00;13411,00;13194,00;0,05;0,07;0,11;;0,75;0,75;1,25;0,56;0,25;0,00;2,75;-0,50;0,81;3,09;3,23;1,40;0,69;-0,12;0,77;0,81;0,98;0,89;0,85;
3.4.2015 20:45;000,8;000,0;;;;;21797;1497774;5583;165553;62;710;0;0;0;0;0;0;0;;0,25;0,50;0,75;0,00;0,00;0,00;13298,00;13421,00;13207,00;0,04;0,04;0,06;;0,25;0,50;0,75;0,00;0,00;0,00;1,75;0,00;0,00;1,83;1,87;0,65;0,44;0,00;0,46;0,47;1,00;0,96;0,94;
3.4.2015 21:00;000,8;000,0;;;;;21797;1497774;5583;165553;62;710;0;0;0;0;0;0;0;;0,25;0,50;0,75;0,00;0,00;0,00;13299,00;13416,00;13211,00;0,04;0,04;0,06;;0,25;0,50;0,75;0,00;0,00;0,00;1,75;0,00;0,00;1,83;1,87;0,65;0,44;0,00;0,46;0,47;1,00;0,96;0,94;
3.4.2015 21:15;000,9;000,0;;;;;21798;1497774;5583;165553;62;710;0;0;0;0;0;0;0;;0,25;0,50;0,75;0,00;0,00;0,00;13307,00;13426,00;13220,00;0,04;0,04;0,06;;0,25;0,50;0,75;0,00;0,00;0,00;1,75;0,00;0,00;1,83;1,87;0,65;0,44;0,00;0,46;0,47;1,00;0,96;0,94;
3.4.2015 21:30;001,1;000,0;;;;;21798;1497774;5583;165553;62;710;0;0;0;0;0;0;0;;0,50;1,00;1,50;0,00;0,00;0,00;13298,00;13423,00;13217,00;0,06;0,09;0,12;;0,75;1,00;1,50;0,56;0,00;0,00;3,25;0,00;0,56;3,59;3,74;1,76;0,81;0,00;0,90;0,93;1,00;0,90;0,87;
3.4.2015 21:45;001,3;000,0;;;;;21798;1497774;5583;165553;62;710;0;0;0;0;0;0;0;;0,50;0,75;0,75;0,00;0,00;0,00;13335,00;13448,00;13254,00;0,04;0,07;0,07;;0,50;0,75;0,75;0,00;0,00;0,00;2,25;0,00;0,00;2,37;2,43;0,92;0,56;0,00;0,59;0,61;1,00;0,95;0,93;
3.4.2015 22:00;001,2;000,0;;;;;21799;1497774;5583;165553;62;710;0;0;0;0;0;0;0;;0,50;0,50;1,25;0,00;0,00;0,00;13327,00;13452,00;13244,00;0,05;0,07;0,11;;0,75;0,75;1,25;0,56;0,56;0,00;2,75;0,00;1,12;3,13;3,29;1,41;0,69;0,00;0,78;0,82;1,00;0,88;0,84;
3.4.2015 22:15;001,0;000,0;;;;;21799;1497774;5583;165553;62;710;0;0;0;0;0;0;0;;0,25;0,50;0,75;0,00;0,00;0,00;13318,00;13431,00;13231,00;0,04;0,04;0,06;;0,25;0,50;0,75;0,00;0,00;0,00;1,75;0,00;0,00;1,83;1,87;0,66;0,44;0,00;0,46;0,47;1,00;0,96;0,94;
3.4.2015 22:30;001,4;000,0;;;;;21799;1497774;5583;165553;62;710;0;0;0;0;0;0;0;;0,50;0,75;0,75;0,00;0,00;0,00;13330,00;13445,00;13245,00;0,04;0,07;0,07;;0,50;0,75;0,75;0,00;0,00;0,00;2,25;0,00;0,00;2,44;2,49;1,07;0,56;0,00;0,61;0,62;1,00;0,92;0,90;
3.4.2015 22:45;001,6;000,0;;;;;21800;1497774;5583;165553;62;710;0;0;0;0;0;0;0;;0,50;1,00;1,50;0,00;0,00;0,00;13336,00;13463,00;13258,00;0,06;0,09;0,12;;0,75;1,00;1,50;0,56;0,00;0,00;3,25;0,00;0,56;3,60;3,75;1,78;0,81;0,00;0,90;0,94;1,00;0,90;0,87;
3.4.2015 23:00;001,2;000,0;;;;;21800;1497774;5583;165553;62;710;0;0;0;0;0;0;0;;2,00;1,00;1,75;0,00;0,00;-0,50;13342,00;13457,00;13258,00;0,16;0,08;0,14;;2,00;1,00;1,75;0,00;0,00;nan;4,75;-0,50;nan;5,07;5,25;NaN;1,19;-0,12;1,27;1,31;0,99;0,94;0,91;
3.4.2015 23:15;001,0;000,0;;;;;21800;1497774;5583;165553;62;710;0;0;0;0;0;0;0;;0,25;0,50;0,75;0,00;0,00;0,00;13345,00;13460,00;13258,00;0,04;0,04;0,06;;0,25;0,50;0,75;0,00;0,00;0,00;1,75;0,00;0,00;1,84;1,87;0,67;0,44;0,00;0,46;0,47;1,00;0,95;0,93;
3.4.2015 23:30;001,3;000,0;;;;;21800;1497774;5583;165553;62;710;0;0;0;0;0;0;0;;0,50;1,00;1,50;0,00;0,00;0,00;13353,00;13479,00;13268,00;0,06;0,09;0,12;;0,75;1,25;1,50;0,56;0,75;0,00;3,25;0,00;1,31;3,61;3,75;1,34;0,81;0,00;0,90;0,94;1,00;0,90;0,87;
3.4.2015 23:45;001,3;000,0;;;;;21801;1497774;5583;165553;62;710;0;0;0;0;0;0;0;;0,50;1,00;1,50;0,00;0,00;0,00;13373,00;13492,00;13283,00;0,06;0,09;0,12;;0,75;1,25;1,50;0,56;0,75;0,00;3,25;0,00;1,31;3,61;3,76;1,35;0,81;0,00;0,90;0,94;1,00;0,90;0,87;
4.4.2015 00:00;001,3;000,0;;;;;21801;1497774;5583;165553;62;710;0;0;0;0;0;0;0;;0,25;0,50;0,75;0,00;0,00;0,00;13414,00;13529,00;13314,00;0,04;0,04;0,06;;0,25;0,50;0,75;0,00;0,00;0,00;1,75;0,00;0,00;1,88;1,92;0,80;0,44;0,00;0,47;0,48;1,00;0,93;0,91;
4.4.2015 00:15;001,3;000,0;;;;;21801;1497774;5583;165553;62;710;0;0;0;0;0;0;0;;0,50;0,75;1,50;0,00;0,00;0,00;13429,00;13552,00;13355,00;0,06;0,07;0,11;;0,75;0,75;1,50;0,56;0,00;0,00;2,75;0,00;0,56;3,19;3,34;1,80;0,69;0,00;0,80;0,83;1,00;0,86;0,82;
4.4.2015 00:30;001,1;000,0;;;;;21802;1497774;5583;165553;62;710;0;0;0;0;0;0;0;;0,50;1,00;1,50;0,00;0,00;0,00;13456,00;13581,00;13374,00;0,06;0,09;0,12;;0,75;1,25;1,50;0,56;0,75;0,00;3,25;0,00;1,31;3,63;3,78;1,42;0,81;0,00;0,91;0,95;1,00;0,89;0,86;
4.4.2015 00:45;001,2;000,0;;;;;21802;1497774;5583;165553;62;710;0;0;0;0;0;0;0;;0,50;1,00;1,50;0,00;0,00;0,00;13345,00;13465,00;13264,00;0,06;0,09;0,12;;0,75;1,25;1,50;0,56;0,75;0,00;3,25;0,00;1,31;3,60;3,75;1,34;0,81;0,00;0,90;0,94;1,00;0,90;0,87;
4.4.2015 01:00;001,2;000,0;;;;;21802;1497774;5583;165553;62;710;0;0;0;0;0;0;0;;0,50;0,75;0,75;0,00;0,00;0,00;13345,00;13463,00;13263,00;0,04;0,07;0,07;;0,50;0,75;0,75;0,00;0,00;0,00;2,25;0,00;0,00;2,37;2,43;0,92;0,56;0,00;0,59;0,61;1,00;0,95;0,92;
4.4.2015 01:15;001,6;000,0;;;;;21803;1497774;5583;165553;62;710;0;0;0;0;0;0;0;;2,00;1,25;1,75;0,00;0,00;0,00;13334,00;13464,00;13254,00;0,16;0,11;0,15;;2,00;1,25;1,75;0,00;0,00;0,00;5,50;0,00;0,00;5,54;5,61;1,12;1,38;0,00;1,38;1,40;1,00;0,99;0,98;
4.4.2015 01:30;001,6;000,0;;;;;21803;1497774;5583;165553;62;710;0;0;0;0;0;0;0;;0,50;1,00;1,50;0,00;0,00;0,00;13352,00;13468,00;13273,00;0,06;0,09;0,12;;0,75;1,25;1,50;0,56;0,75;0,00;3,25;0,00;1,31;3,61;3,75;1,34;0,81;0,00;0,90;0,94;1,00;0,90;0,87;
4.4.2015 01:45;001,6;000,0;;;;;21803;1497774;5583;165553;62;710;0;0;0;0;0;0;0;;1,75;1,25;1,00;0,00;0,00;0,00;13361,00;13480,00;13279,00;0,14;0,10;0,10;;1,75;1,25;1,25;0,00;0,00;0,75;4,25;0,00;0,75;4,58;4,66;1,77;1,06;0,00;1,15;1,17;1,00;0,93;0,91;
4.4.2015 02:00;001,8;000,0;;;;;21804;1497774;5583;165553;62;710;0;0;0;0;0;0;0;;0,50;1,00;1,50;0,00;0,00;0,00;13366,00;13483,00;13276,00;0,06;0,09;0,12;;0,75;1,25;1,50;0,56;0,75;0,00;3,25;0,00;1,31;3,61;3,75;1,35;0,81;0,00;0,90;0,94;1,00;0,90;0,87;
4.4.2015 02:15;001,6;000,0;;;;;21804;1497774;5583;165553;62;710;0;0;0;0;0;0;0;;2,00;1,00;1,75;0,00;0,00;-0,50;13312,00;13452,00;13230,00;0,16;0,08;0,14;;2,00;1,00;1,75;0,00;0,00;nan;4,75;-0,50;nan;5,06;5,24;NaN;1,19;-0,12;1,26;1,31;0,99;0,94;0,91;
4.4.2015 02:30;001,2;000,0;;;;;21805;1497774;5583;165553;62;710;0;0;0;0;0;0;0;;2,00;1,25;1,75;0,00;0,00;0,00;13329,00;13449,00;13242,00;0,16;0,11;0,15;;2,00;1,25;1,75;0,00;0,00;0,00;5,50;0,00;0,00;5,53;5,61;1,10;1,38;0,00;1,38;1,40;1,00;0,99;0,98;
4.4.2015 02:45;001,9;000,0;;;;;21805;1497774;5583;165553;62;710;0;0;0;0;0;0;0;;2,00;1,25;1,75;0,00;0,00;0,00;13341,00;13466,00;13260,00;0,16;0,11;0,15;;2,00;1,25;1,75;0,00;0,00;0,00;5,50;0,00;0,00;5,57;5,65;1,29;1,38;0,00;1,39;1,41;1,00;0,99;0,97;
4.4.2015 03:00;001,8;000,0;;;;;21806;1497774;5583;165553;62;710;0;0;0;0;0;0;0;;2,00;1,25;1,75;0,00;0,00;0,00;13306,00;13437,00;13233,00;0,16;0,11;0,15;;2,00;1,25;1,75;0,00;0,00;0,00;5,50;0,00;0,00;5,53;5,60;1,06;1,38;0,00;1,38;1,40;1,00;1,00;0,98;
4.4.2015 03:15;001,9;000,0;;;;;21806;1497774;5583;165553;62;710;0;0;0;0;0;0;0;;0,50;0,75;0,75;0,00;0,00;0,00;13326,00;13453,00;13242,00;0,04;0,07;0,07;;0,50;0,75;0,75;0,00;0,00;0,00;2,25;0,00;0,00;2,37;2,43;0,92;0,56;0,00;0,59;0,61;1,00;0,95;0,93;
4.4.2015 03:30;001,9;000,0;;;;;21806;1497774;5583;165553;62;710;0;0;0;0;0;0;0;;1,75;1,25;1,00;0,00;0,00;0,00;13316,00;13442,00;13236,00;0,14;0,10;0,10;;1,75;1,25;1,25;0,00;0,00;0,75;4,25;0,00;0,75;4,57;4,65;1,73;1,06;0,00;1,14;1,16;1,00;0,93;0,91;
4.4.2015 03:45;002,0;000,0;;;;;21807;1497774;5583;165553;62;710;0;0;0;0;0;0;0;;2,00;1,25;1,75;0,00;0,00;0,00;13322,00;13450,00;13240,00;0,16;0,11;0,15;;2,00;1,25;1,75;0,00;0,00;0,00;5,50;0,00;0,00;5,53;5,61;1,09;1,38;0,00;1,38;1,40;1,00;0,99;0,98;
4.4.2015 04:00;001,6;000,0;;;;;21807;1497774;5583;165553;62;710;0;0;0;0;0;0;0;;0,50;1,00;1,50;0,00;0,00;0,00;13320,00;13446,00;13241,00;0,06;0,09;0,12;;0,75;1,00;1,50;0,56;0,00;0,00;3,25;0,00;0,56;3,60;3,74;1,77;0,81;0,00;0,90;0,94;1,00;0,90;0,87;
4.4.2015 04:15;001,8;000,0;;;;;21808;1497774;5583;165553;62;710;0;0;0;0;0;0;0;;0,50;0,75;0,75;0,00;0,00;0,00;13312,00;13446,00;13236,00;0,04;0,07;0,07;;0,50;0,75;0,75;0,00;0,00;0,00;2,25;0,00;0,00;2,37;2,43;0,91;0,56;0,00;0,59;0,61;1,00;0,95;0,93;
4.4.2015 04:30;001,9;000,0;;;;;21808;1497774;5583;165553;62;710;0;0;0;0;0;0;0;;2,00;1,25;1,75;0,00;0,00;0,00;13329,00;13450,00;13247,00;0,16;0,11;0,15;;2,00;1,25;1,75;0,00;0,00;0,00;5,50;0,00;0,00;5,53;5,61;1,10;1,38;0,00;1,38;1,40;1,00;0,99;0,98;
4.4.2015 04:45;002,2;000,0;;;;;21809;1497774;5583;165553;62;710;0;0;0;0;0;0;0;;2,25;1,50;2,00;0,00;0,00;-0,50;13296,00;13421,00;13219,00;0,19;0,12;0,16;;2,25;1,50;2,00;0,00;0,00;nan;6,00;-0,50;nan;6,09;6,20;NaN;1,50;-0,12;1,52;1,55;1,00;0,99;0,97;
4.4.2015 05:00;002,4;000,0;;;;;21809;1497774;5583;165553;62;710;0;0;0;0;0;0;0;;1,00;1,00;1,50;0,00;0,00;0,00;13300,00;13429,00;13222,00;0,08;0,09;0,12;;1,00;1,25;1,50;0,00;0,75;0,00;3,75;0,00;0,75;3,99;4,06;1,36;0,94;0,00;1,00;1,02;1,00;0,94;0,92;
4.4.2015 05:15;002,0;000,0;;;;;21810;1497774;5583;165553;62;710;0;0;0;0;0;0;0;;2,00;1,25;1,75;0,00;0,00;0,00;13318,00;13449,00;13239,00;0,16;0,11;0,15;;2,00;1,25;1,75;0,00;0,00;0,00;5,50;0,00;0,00;5,53;5,61;1,09;1,38;0,00;1,38;1,40;1,00;0,99;0,98;
4.4.2015 05:30;002,2;000,0;;;;;21810;1497774;5583;165553;62;710;0;0;0;0;0;0;0;;2,00;1,25;1,75;0,00;0,00;0,00;13261,00;13385,00;13174,00;0,16;0,11;0,15;;2,00;1,25;1,75;0,00;0,00;0,00;5,25;0,00;0,00;5,47;5,54;1,78;1,31;0,00;1,37;1,39;1,00;0,96;0,95;
4.4.2015 05:45;002,2;000,0;;;;;21811;1497774;5583;165553;62;710;0;0;0;0;0;0;0;;2,25;1,50;2,00;0,00;0,00;-0,50;13347,00;13471,00;13270,00;0,19;0,12;0,16;;2,50;1,50;2,00;1,09;0,00;nan;6,00;-0,50;nan;6,18;6,29;NaN;1,50;-0,12;1,54;1,57;1,00;0,97;0,95;
4.4.2015 06:00;002,2;000,0;;;;;21812;1497774;5583;165553;62;710;0;0;0;0;0;0;0;;2,25;1,50;2,00;0,00;0,00;-0,50;13334,00;13461,00;13259,00;0,19;0,12;0,16;;2,50;1,50;2,00;1,09;0,00;nan;6,00;-0,50;nan;6,14;6,26;NaN;1,50;-0,12;1,53;1,56;1,00;0,98;0,96;
4.4.2015 06:15;002,4;000,0;;;;;21812;1497774;5583;165553;62;710;0;0;0;0;0;0;0;;1,50;1,00;2,00;7,00;6,00;6,00;13304,00;13429,00;13226,00;0,55;0,47;0,51;;7,25;6,25;6,50;1,15;1,44;1,50;4,75;19,25;4,08;20,31;20,36;2,21;1,19;4,81;5,08;5,09;-0,61;0,23;0,23;
4.4.2015 06:30;001,0;000,0;;;;;21812;1497774;5584;165553;62;710;0;0;0;0;0;0;0;;0,25;-0,50;0,00;1,00;0,75;0,00;13280,00;13403,00;13203,00;0,10;0,11;0,06;;1,25;1,25;0,00;0,71;0,87;0,00;-0,25;2,00;1,57;3,69;3,79;2,79;-0,06;0,50;0,92;0,95;-0,15;-0,07;-0,07;
4.4.2015 06:45;000,0;001,5;;;;;21812;1497774;5584;165554;62;710;0;0;0;0;0;0;0;;-1,75;-2,75;-2,25;1,00;1,00;0,00;13283,00;13415,00;13205,00;0,17;0,24;0,20;;2,25;3,00;2,50;1,00;0,66;1,09;-6,75;2,00;2,75;8,09;8,16;3,06;-1,69;0,50;2,02;2,04;0,96;-0,83;-0,83;
4.4.2015 07:00;000,0;005,4;;;;;21812;1497775;5584;165554;62;710;0;0;0;0;0;0;0;;-6,75;-7,75;-7,25;1,25;1,25;0,00;13284,00;13413,00;13214,00;0,52;0,60;0,56;;7,00;8,00;7,25;1,37;1,54;0,00;-22,00;2,50;2,91;22,42;22,45;2,33;-5,50;0,62;5,61;5,61;0,99;-0,98;-0,98;
4.4.2015 07:15;000,0;018,6;;;;;21812;1497780;5584;165554;62;710;0;0;0;0;0;0;0;;-22,50;-22,50;-21,75;2,00;1,00;1,50;13221,00;13359,00;13156,00;1,72;1,69;1,68;;22,50;22,50;22,00;nan;nan;2,95;-67,00;5,00;nan;67,42;67,42;NaN;-16,75;1,25;16,85;16,86;1,00;-0,99;-0,99;
4.4.2015 07:30;000,0;035,4;;;;;21812;1497789;5584;165555;62;710;0;0;0;0;0;0;0;;-36,00;-36,75;-36,00;3,25;2,75;2,25;13229,00;13361,00;13149,00;2,74;2,78;2,76;;36,00;37,00;36,25;nan;3,30;3,61;-109,00;8,75;nan;109,55;109,55;NaN;-27,25;2,19;27,39;27,39;1,00;-0,99;-0,99;
4.4.2015 07:45;000,0;053,5;;;;;21812;1497803;5584;165556;62;710;0;0;0;0;0;0;0;;-53,25;-53,50;-52,50;5,50;4,25;4,75;13224,00;13337,00;13126,00;4,06;4,03;4,02;;53,50;53,50;52,75;nan;nan;1,94;-159,25;14,75;nan;160,17;160,18;NaN;-39,81;3,69;40,04;40,04;1,00;-0,99;-0,99;
4.4.2015 08:00;000,0;074,3;;;;;21812;1497821;5584;165558;62;710;0;0;0;0;0;0;0;;-68,00;-68,25;-67,00;6,50;5,00;5,25;13257,00;13380,00;13171,00;5,16;5,12;5,12;;68,25;68,50;67,25;nan;3,03;2,45;-203,50;17,00;nan;204,31;204,32;NaN;-50,88;4,25;51,08;51,08;1,00;-1,00;-1,00;
4.4.2015 08:15;000,0;090,5;;;;;21812;1497844;5584;165560;62;710;0;0;0;0;0;0;0;;-84,75;-85,25;-83,75;8,75;7,00;7,25;13246,00;13379,00;13167,00;6,43;6,40;6,40;;85,00;85,50;84,25;nan;nan;5,61;-253,75;23,00;nan;255,03;255,04;NaN;-63,44;5,75;63,76;63,76;1,00;-0,99;-0,99;
4.4.2015 08:30;000,0;112,5;;;;;21812;1497872;5584;165562;62;710;0;0;0;0;0;0;0;;-103,00;-103,75;-102,50;11,50;10,25;9,75;13236,00;13353,00;13142,00;7,83;7,81;7,85;;103,50;104,25;103,00;nan;nan;2,77;-309,50;31,50;nan;311,12;311,13;NaN;-77,38;7,88;77,78;77,78;0,99;-0,99;-0,99;
4.4.2015 08:45;000,0;135,2;;;;;21812;1497907;5584;165566;62;710;0;0;0;0;0;0;0;;-122,50;-123,00;-121,50;13,00;11,25;11,25;13262,00;13387,00;13168,00;9,30;9,24;9,28;;123,25;123,50;122,00;3,91;nan;nan;-367,25;35,75;nan;369,20;369,21;NaN;-91,81;8,94;92,30;92,30;1,00;-0,99;-0,99;
4.4.2015 09:00;000,0;155,9;;;;;21812;1497945;5584;165570;62;710;0;0;0;0;0;0;0;;-137,75;-138,75;-137,25;15,50;14,00;13,50;13228,00;13357,00;13143,00;10,49;10,45;10,51;;138,75;139,50;138,00;6,02;3,56;4,92;-414,25;43,50;14,50;416,57;416,59;NaN;-103,56;10,88;104,14;104,15;0,99;-0,99;-0,99;
4.4.2015 09:15;000,0;174,7;;;;;21812;1497989;5584;165574;62;710;0;0;0;0;0;0;0;;-153,50;-154,50;-152,25;19,00;16,25;16,25;13223,00;13346,00;13141,00;11,70;11,64;11,66;;154,50;155,25;153,00;nan;nan;nan;-460,25;51,75;nan;463,18;463,19;NaN;-115,06;12,94;115,80;115,80;0,99;-0,99;-0,99;
4.4.2015 09:30;000,0;193,5;;;;;21812;1498037;5584;165580;62;710;0;0;0;0;0;0;0;;-167,50;-169,25;-167,00;19,75;17,75;17,00;13206,00;13333,00;13121,00;12,78;12,77;12,81;;168,75;170,25;168,00;5,50;4,94;6,78;-504,00;54,75;17,23;507,05;507,06;NaN;-126,00;13,69;126,76;126,77;0,99;-0,99;-0,99;
4.4.2015 09:45;000,0;211,2;;;;;21812;1498090;5584;165586;62;710;0;0;0;0;0;0;0;;-183,00;-185,50;-183,50;22,50;21,25;19,25;13227,00;13345,00;13137,00;13,95;13,99;14,06;;184,50;186,75;184,75;6,71;3,71;9,47;-552,25;63,25;19,89;556,12;556,14;NaN;-138,06;15,81;139,03;139,03;0,99;-0,99;-0,99;
4.4.2015 10:00;000,0;231,9;;;;;21812;1498148;5584;165593;62;710;0;0;0;0;0;0;0;;-206,75;-208,75;-206,00;27,25;24,75;24,00;13246,00;13380,00;13157,00;15,75;15,71;15,78;;208,50;210,25;207,50;nan;3,99;6,65;-621,75;76,50;nan;626,51;626,53;NaN;-155,44;19,12;156,63;156,63;0,99;-0,99;-0,99;
4.4.2015 10:15;000,0;214,8;;;;;21812;1498202;5584;165599;62;710;0;0;0;0;0;0;0;;-154,75;-156,25;-154,50;17,50;16,00;15,00;13178,00;13298,00;13083,00;11,83;11,82;11,87;;155,75;157,00;155,25;2,06;nan;2,70;-465,75;48,75;nan;468,41;468,42;NaN;-116,44;12,19;117,10;117,11;0,99;-0,99;-0,99;
4.4.2015 10:30;000,0;264,1;;;;;21812;1498268;5584;165608;62;710;0;0;0;0;0;0;0;;-231,25;-234,25;-231,75;33,00;30,75;28,00;13369,00;13477,00;13271,00;17,48;17,54;17,59;;233,50;236,25;233,50;nan;nan;5,49;-697,25;92,00;nan;703,55;703,57;NaN;-174,31;23,00;175,89;175,89;0,99;-0,99;-0,99;
4.4.2015 10:45;000,0;251,0;;;;;21812;1498330;5584;165616;62;710;0;0;0;0;0;0;0;;-87,75;-89,00;-88,50;8,25;8,00;6,75;13305,00;13424,00;13213,00;6,64;6,66;6,73;;88,25;89,25;88,75;4,47;nan;nan;-265,50;23,00;nan;266,54;266,56;NaN;-66,38;5,75;66,63;66,64;1,00;-1,00;-1,00;
4.4.2015 11:00;000,0;233,6;;;;;21812;1498390;5584;165624;62;710;0;0;0;0;0;0;0;;-257,75;-261,25;-258,25;39,75;37,00;34,25;13362,00;13474,00;13272,00;19,53;19,59;19,64;;261,00;263,75;260,50;10,29;nan;nan;-777,25;111,50;nan;785,48;785,50;NaN;-194,31;27,88;196,37;196,37;0,99;-0,99;-0,99;
4.4.2015 11:15;000,0;252,9;;;;;21812;1498452;5584;165632;62;710;0;0;0;0;0;0;0;;-197,25;-199,75;-198,25;25,25;24,00;21,50;13317,00;13418,00;13223,00;14,95;15,00;15,09;;199,00;201,25;199,50;7,47;5,05;5,91;-595,50;71,00;18,44;599,96;599,98;NaN;-148,88;17,75;149,99;150,00;0,99;-0,99;-0,99;
4.4.2015 11:30;000,0;178,6;;;;;21812;1498496;5584;165638;62;710;0;0;0;0;0;0;0;;-72,50;-73,75;-73,75;6,75;7,00;5,50;13233,00;13343,00;13147,00;5,51;5,57;5,63;;72,75;74,25;74,00;nan;5,00;2,59;-220,00;19,75;nan;221,25;221,27;NaN;-55,00;4,94;55,31;55,32;1,00;-0,99;-0,99;
4.4.2015 11:45;000,0;208,3;;;;;21812;1498550;5584;165646;62;710;0;0;0;0;0;0;0;;-293,00;-297,25;-292,75;67,50;64,00;60,75;13371,00;13487,00;13269,00;22,49;22,56;22,55;;300,50;304,25;299,00;nan;10,70;2,81;-883,25;192,50;nan;904,13;904,15;NaN;-220,81;48,12;226,03;226,04;0,98;-0,98;-0,98;
4.4.2015 12:00;000,0;173,1;;;;;21812;1498592;5584;165652;62;710;0;0;0;0;0;0;0;;-60,00;-60,50;-60,50;5,25;5,25;4,25;13265,00;13367,00;13162,00;4,55;4,56;4,62;;60,25;60,75;60,75;1,58;1,66;3,50;-181,25;15,00;6,74;182,05;182,07;5,08;-45,31;3,75;45,51;45,52;1,00;-1,00;-1,00;
4.4.2015 12:15;000,0;073,8;;;;;21812;1498610;5584;165654;62;710;0;0;0;0;0;0;0;;-94,25;-95,50;-93,75;10,25;8,75;8,00;13356,00;13478,00;13272,00;7,11;7,13;7,11;;95,00;96,00;94,25;6,07;4,38;5,48;-284,00;27,25;15,93;285,46;285,46;NaN;-71,00;6,81;71,36;71,37;1,00;-0,99;-0,99;
4.4.2015 12:30;000,0;218,8;;;;;21812;1498665;5584;165662;62;710;0;0;0;0;0;0;0;;-90,00;-91,25;-90,75;8,50;8,25;6,75;13344,00;13461,00;13258,00;6,78;6,83;6,88;;90,25;91,75;91,00;nan;4,84;nan;-272,25;24,00;nan;273,56;273,57;NaN;-68,06;6,00;68,39;68,39;1,00;-1,00;-1,00;
4.4.2015 12:45;000,0;143,7;;;;;21812;1498702;5584;165666;62;710;0;0;0;0;0;0;0;;-184,25;-186,50;-185,00;22,25;21,00;18,50;13422,00;13518,00;13322,00;13,84;13,90;13,98;;185,50;187,75;186,00;nan;5,18;5,36;-556,00;62,00;nan;559,73;559,76;NaN;-139,00;15,50;139,93;139,94;0,99;-0,99;-0,99;
4.4.2015 13:00;000,0;222,6;;;;;21812;1498756;5584;165673;62;710;0;0;0;0;0;0;0;;-57,50;-59,00;-58,75;5,25;5,50;3,75;13365,00;13476,00;13269,00;4,34;4,41;4,45;;58,00;59,25;59,00;5,49;nan;3,92;-175,50;14,75;nan;176,48;176,50;NaN;-43,88;3,69;44,12;44,12;1,00;-0,99;-0,99;
4.4.2015 13:15;000,0;245,0;;;;;21812;1498819;5584;165681;62;710;0;0;0;0;0;0;0;;-279,25;-282,25;-279,00;44,75;41,75;39,00;13495,00;13600,00;13386,00;20,97;20,99;21,06;;282,75;285,50;281,75;nan;10,11;4,59;-840,75;125,50;nan;850,30;850,32;NaN;-210,19;31,38;212,57;212,58;0,99;-0,99;-0,99;
4.4.2015 13:30;000,0;304,7;;;;;21812;1498895;5584;165692;62;710;0;0;0;0;0;0;0;;-258,00;-261,00;-258,50;38,75;36,50;34,00;13495,00;13613,00;13395,00;19,35;19,37;19,47;;261,00;263,50;260,75;7,45;nan;3,51;-777,75;109,25;nan;785,58;785,61;NaN;-194,44;27,31;196,39;196,40;0,99;-0,99;-0,99;
4.4.2015 13:45;000,0;306,4;;;;;21812;1498972;5584;165703;62;710;0;0;0;0;0;0;0;;-254,50;-257,50;-255,00;38,00;35,50;32,75;13519,00;13620,00;13423,00;19,04;19,09;19,16;;257,25;260,00;257,00;nan;5,79;nan;-767,00;106,25;nan;774,59;774,62;NaN;-191,75;26,56;193,65;193,65;0,99;-0,99;-0,99;
4.4.2015 14:00;000,0;309,1;;;;;21812;1499049;5584;165713;62;710;0;0;0;0;0;0;0;;-264,25;-267,75;-264,50;40,50;37,75;34,75;13544,00;13657,00;13448,00;19,74;19,81;19,85;;267,25;270,50;267,00;nan;7,42;11,01;-796,75;113,00;nan;804,88;804,90;NaN;-199,19;28,25;201,22;201,23;0,99;-0,99;-0,99;
4.4.2015 14:15;000,0;195,8;;;;;21812;1499098;5584;165720;62;710;0;0;0;0;0;0;0;;-271,00;-274,75;-271,75;42,00;38,75;36,25;13561,00;13678,00;13477,00;20,24;20,30;20,35;;274,25;277,50;274,25;2,84;4,14;7,14;-817,75;117,25;14,11;826,33;826,35;13,79;-204,44;29,31;206,58;206,59;0,99;-0,99;-0,99;
4.4.2015 14:30;000,0;302,9;;;;;21812;1499174;5584;165730;62;710;0;0;0;0;0;0;0;;-245,25;-248,50;-246,25;35,25;33,50;30,25;13564,00;13675,00;13460,00;18,28;18,35;18,44;;247,75;250,75;248,25;nan;1,03;8,60;-740,25;99,00;nan;747,16;747,19;NaN;-185,06;24,75;186,79;186,80;0,99;-0,99;-0,99;
4.4.2015 14:45;000,0;296,1;;;;;21812;1499247;5584;165740;62;710;0;0;0;0;0;0;0;;-248,25;-251,00;-248,75;35,75;33,50;30,75;13571,00;13673,00;13471,00;18,49;18,53;18,62;;251,00;253,25;250,75;9,74;3,51;7,31;-748,50;100,25;20,56;755,25;755,28;NaN;-187,12;25,06;188,81;188,82;0,99;-0,99;-0,99;
4.4.2015 15:00;000,0;089,6;;;;;21812;1499269;5584;165742;62;710;0;0;0;0;0;0;0;;-94,25;-96,00;-94,75;9,75;9,00;7,75;13469,00;13591,00;13385,00;7,05;7,10;7,11;;94,75;96,25;95,00;nan;nan;nan;-285,00;26,75;nan;286,45;286,46;NaN;-71,25;6,69;71,61;71,61;1,00;-0,99;-0,99;
4.4.2015 15:15;000,0;202,9;;;;;21812;1499321;5584;165748;62;710;0;0;0;0;0;0;0;;-240,75;-243,50;-241,50;33,75;32,00;29,50;13530,00;13650,00;13439,00;17,97;18,01;18,12;;243,00;245,75;243,50;nan;8,76;9,99;-726,00;95,50;nan;732,52;732,55;NaN;-181,50;23,88;183,13;183,14;0,99;-0,99;-0,99;
4.4.2015 15:30;000,0;261,6;;;;;21812;1499386;5584;165757;62;710;0;0;0;0;0;0;0;;-217,50;-220,25;-218,75;28,50;27,50;25,00;13479,00;13600,00;13386,00;16,29;16,33;16,47;;219,50;222,00;220,25;7,86;4,21;5,79;-656,75;81,00;17,85;662,03;662,06;11,23;-164,19;20,25;165,51;165,52;0,99;-0,99;-0,99;
4.4.2015 15:45;000,0;256,3;;;;;21812;1499450;5584;165764;62;710;0;0;0;0;0;0;0;;-208,00;-210,25;-208,25;26,50;25,00;23,25;13488,00;13608,00;13395,00;15,56;15,56;15,66;;209,75;211,75;209,50;5,37;2,83;nan;-626,75;75,00;nan;631,35;631,37;NaN;-156,69;18,75;157,84;157,84;0,99;-0,99;-0,99;
4.4.2015 16:00;000,0;242,3;;;;;21812;1499510;5584;165771;62;710;0;0;0;0;0;0;0;;-193,25;-195,00;-193,50;23,75;22,50;20,50;13451,00;13559,00;13353,00;14,48;14,49;14,59;;194,75;196,50;194,75;4,24;9,00;8,07;-582,00;67,00;21,30;586,13;586,15;NaN;-145,50;16,75;146,53;146,54;0,99;-0,99;-0,99;
4.4.2015 16:15;000,0;233,1;;;;;21812;1499569;5584;165778;62;710;0;0;0;0;0;0;0;;-184,00;-186,25;-184,75;21,75;20,75;18,75;13427,00;13555,00;13343,00;13,81;13,83;13,93;;185,25;187,50;185,75;nan;6,05;4,35;-555,25;61,50;nan;558,76;558,79;NaN;-138,81;15,38;139,69;139,70;0,99;-0,99;-0,99;
4.4.2015 16:30;000,0;214,7;;;;;21812;1499622;5584;165784;62;710;0;0;0;0;0;0;0;;-160,25;-161,75;-160,75;17,25;16,50;15,25;13433,00;13555,00;13339,00;12,01;12,00;12,12;;161,25;162,50;161,50;4,89;nan;3,02;-482,75;49,25;nan;485,59;485,62;NaN;-120,69;12,31;121,40;121,40;0,99;-0,99;-0,99;
4.4.2015 16:45;000,0;187,3;;;;;21812;1499669;5584;165789;62;710;0;0;0;0;0;0;0;;-142,75;-144,50;-143,50;14,75;14,25;12,75;13421,00;13550,00;13334,00;10,71;10,72;10,82;;143,50;145,25;144,25;nan;3,77;7,30;-431,00;42,00;nan;433,27;433,29;NaN;-107,75;10,50;108,32;108,32;1,00;-0,99;-0,99;
4.4.2015 17:00;000,0;129,7;;;;;21812;1499701;5584;165792;62;710;0;0;0;0;0;0;0;;-145,25;-146,75;-145,00;16,50;14,75;14,00;13445,00;13572,00;13365,00;10,89;10,88;10,92;;146,25;147,50;145,75;4,39;1,77;4,70;-437,50;45,75;10,85;439,99;440,00;NaN;-109,38;11,44;110,00;110,00;0,99;-0,99;-0,99;
4.4.2015 17:15;000,0;131,7;;;;;21812;1499734;5584;165795;62;710;0;0;0;0;0;0;0;;-71,75;-72,25;-71,75;6,50;5,50;5,25;13397,00;13512,00;13317,00;5,38;5,38;5,41;;72,00;72,50;72,00;nan;2,44;2,89;-215,75;17,50;nan;216,82;216,82;NaN;-53,94;4,38;54,20;54,21;1,00;-1,00;-1,00;
4.4.2015 17:30;000,0;065,8;;;;;21812;1499750;5584;165796;62;710;0;0;0;0;0;0;0;;-52,00;-52,50;-52,00;4,50;3,75;3,50;13405,00;13527,00;13322,00;3,90;3,91;3,92;;52,25;52,75;52,00;2,41;3,50;nan;-156,75;12,00;nan;157,36;157,36;NaN;-39,19;3,00;39,34;39,34;1,00;-1,00;-1,00;
4.4.2015 17:45;000,0;034,8;;;;;21812;1499759;5584;165797;62;710;0;0;0;0;0;0;0;;-25,50;-26,00;-25,25;2,25;1,50;1,50;13411,00;13519,00;13320,00;1,92;1,93;1,91;;25,75;26,00;25,50;2,78;nan;3,23;-77,00;5,50;nan;77,38;77,38;NaN;-19,25;1,38;19,35;19,35;1,00;-1,00;-1,00;
4.4.2015 17:46;000,0;034,8;;;;;21812;1499759;5584;165797;62;710;0;0;0;0;0;0;0;;-25,75;-26,00;-25,50;2,25;1,50;1,50;13408,00;13520,00;13321,00;1,94;1,94;1,93;;26,00;26,00;25,50;2,81;nan;nan;-77,50;5,50;nan;77,88;77,88;NaN;-19,38;1,38;19,47;19,47;1,00;-1,00;-1,00;
4.4.2015 18:00;000,0;028,9;;;;;21812;1499766;5584;165797;62;710;0;0;0;0;0;0;0;;-21,00;-21,00;-20,75;1,75;1,25;1,25;13414,00;13530,00;13327,00;1,58;1,57;1,56;;21,00;21,25;20,75;nan;3,00;nan;-63,00;4,50;nan;63,23;63,23;NaN;-15,75;1,12;15,81;15,81;1,00;-1,00;-1,00;
4.4.2015 18:15;000,0;022,6;;;;;21812;1499771;5584;165798;62;710;0;0;0;0;0;0;0;;-15,00;-15,00;-14,50;1,50;0,75;1,00;13384,00;13509,00;13303,00;1,13;1,13;1,11;;15,00;15,25;14,75;nan;2,65;2,51;-44,75;3,50;nan;45,15;45,16;NaN;-11,19;0,88;11,29;11,29;1,00;-0,99;-0,99;
4.4.2015 18:30;000,0;014,6;;;;;21812;1499775;5584;165798;62;710;0;0;0;0;0;0;0;;-7,50;-7,75;-7,25;1,25;0,75;0,75;13397,00;13518,00;13321,00;0,58;0,58;0,56;;7,75;7,75;7,50;1,50;nan;1,77;-22,75;2,75;nan;23,24;23,24;NaN;-5,69;0,69;5,81;5,81;0,99;-0,98;-0,98;
4.4.2015 18:45;000,0;006,1;;;;;21812;1499777;5584;165798;62;710;0;0;0;0;0;0;0;;-3,00;-3,00;-2,75;1,00;0,50;0,75;13395,00;13516,00;13325,00;0,26;0,24;0,23;;3,50;3,25;3,00;1,50;1,15;0,94;-9,00;2,25;3,58;9,89;9,91;NaN;-2,25;0,56;2,47;2,48;0,97;-0,91;-0,91;
4.4.2015 19:00;000,0;001,9;;;;;21812;1499777;5584;165798;62;710;0;0;0;0;0;0;0;;-0,50;-0,50;0,00;0,75;0,00;0,50;13417,00;13540,00;13343,00;0,12;0,12;0,10;;1,50;1,50;1,25;1,20;1,41;1,15;-1,25;1,50;3,76;4,47;4,48;1,47;-0,31;0,38;1,12;1,12;0,36;-0,28;-0,28;
4.4.2015 19:15;000,2;000,2;;;;;21812;1499777;5584;165798;62;710;0;0;0;0;0;0;0;;0,00;0,00;1,25;9,25;7,50;8,50;13318,00;13430,00;13247,00;0,70;0,57;0,67;;9,25;7,50;8,75;0,00;0,00;1,66;1,25;25,25;1,66;25,82;25,93;5,51;0,31;6,31;6,46;6,48;0,22;0,05;0,05;
4.4.2015 19:30;000,7;000,0;;;;;21813;1499777;5585;165798;62;710;0;0;0;0;0;0;0;;0,25;0,50;0,75;0,00;0,00;0,00;13342,00;13433,00;13263,00;0,04;0,04;0,06;;0,25;0,50;0,75;0,00;0,00;0,00;1,75;0,00;0,00;1,83;1,87;0,66;0,44;0,00;0,46;0,47;1,00;0,95;0,93;
4.4.2015 19:45;000,7;000,0;;;;;21813;1499777;5585;165798;62;710;0;0;0;0;0;0;0;;0,25;0,50;0,75;0,00;0,00;0,00;13349,00;13458,00;13267,00;0,04;0,04;0,06;;0,25;0,50;0,75;0,00;0,00;0,00;1,75;0,00;0,00;1,84;1,87;0,67;0,44;0,00;0,46;0,47;1,00;0,95;0,93;
4.4.2015 20:00;000,7;000,0;;;;;21813;1499777;5585;165798;62;710;0;0;0;0;0;0;0;;0,25;0,50;0,75;0,00;0,00;0,00;13320,00;13431,00;13238,00;0,04;0,04;0,06;;0,25;0,50;0,75;0,00;0,00;0,00;1,75;0,00;0,00;1,83;1,87;0,66;0,44;0,00;0,46;0,47;1,00;0,96;0,94;
4.4.2015 20:15;000,7;000,0;;;;;21813;1499777;5585;165798;62;710;0;0;0;0;0;0;0;;0,25;0,50;0,75;0,00;0,00;0,00;13336,00;13445,00;13245,00;0,04;0,04;0,06;;0,25;0,50;0,75;0,00;0,00;0,00;1,75;0,00;0,00;1,83;1,87;0,66;0,44;0,00;0,46;0,47;1,00;0,95;0,94;
4.4.2015 20:30;000,7;000,0;;;;;21813;1499777;5585;165798;62;710;0;0;0;0;0;0;0;;0,25;0,50;0,75;0,00;0,00;0,00;13334,00;13451,00;13258,00;0,04;0,04;0,06;;0,25;0,50;0,75;0,00;0,00;0,00;1,75;0,00;0,00;1,83;1,87;0,66;0,44;0,00;0,46;0,47;1,00;0,95;0,93;
4.4.2015 20:45;000,7;000,0;;;;;21814;1499777;5585;165798;62;710;0;0;0;0;0;0;0;;0,25;0,50;0,75;0,00;0,00;0,00;13363,00;13471,00;13280,00;0,04;0,04;0,06;;0,25;0,50;0,75;0,00;0,00;0,00;1,75;0,00;0,00;1,87;1,92;0,78;0,44;0,00;0,47;0,48;1,00;0,94;0,91;
4.4.2015 21:00;000,8;000,0;;;;;21814;1499777;5585;165798;62;710;0;0;0;0;0;0;0;;0,25;0,50;0,75;0,00;0,00;0,00;13350,00;13460,00;13270,00;0,04;0,04;0,06;;0,25;0,50;0,75;0,00;0,00;0,00;1,75;0,00;0,00;1,87;1,92;0,78;0,44;0,00;0,47;0,48;1,00;0,94;0,91;
4.4.2015 21:15;000,7;000,0;;;;;21814;1499777;5585;165798;62;710;0;0;0;0;0;0;0;;0,25;0,50;0,75;0,00;0,00;0,00;13369,00;13479,00;13290,00;0,04;0,04;0,06;;0,25;0,50;0,75;0,00;0,00;0,00;1,75;0,00;0,00;1,87;1,92;0,78;0,44;0,00;0,47;0,48;1,00;0,93;0,91;
4.4.2015 21:30;000,8;000,0;;;;;21814;1499777;5585;165798;62;710;0;0;0;0;0;0;0;;0,50;0,75;0,75;0,00;0,00;0,00;13367,00;13471,00;13285,00;0,04;0,07;0,07;;0,50;0,75;0,75;0,00;0,00;0,00;2,25;0,00;0,00;2,41;2,47;1,03;0,56;0,00;0,60;0,62;1,00;0,93;0,91;
4.4.2015 21:45;001,0;000,0;;;;;21814;1499777;5585;165798;62;710;0;0;0;0;0;0;0;;0,50;0,75;0,75;0,00;0,00;0,00;13397,00;13494,00;13311,00;0,04;0,07;0,07;;0,50;0,75;0,75;0,00;0,00;0,00;2,25;0,00;0,00;2,41;2,48;1,04;0,56;0,00;0,60;0,62;1,00;0,93;0,91;
4.4.2015 22:00;001,0;000,0;;;;;21815;1499777;5585;165798;62;710;0;0;0;0;0;0;0;;0,25;0,50;0,75;0,00;0,00;0,00;13392,00;13498,00;13309,00;0,04;0,04;0,06;;0,25;0,50;0,75;0,00;0,00;0,00;1,75;0,00;0,00;1,87;1,92;0,79;0,44;0,00;0,47;0,48;1,00;0,93;0,91;
4.4.2015 22:15;000,7;000,0;;;;;21815;1499777;5585;165798;62;710;0;0;0;0;0;0;0;;0,25;0,50;0,75;0,00;0,00;0,00;13402,00;13515,00;13329,00;0,04;0,04;0,06;;0,25;0,50;0,75;0,00;0,00;0,00;1,75;0,00;0,00;1,88;1,92;0,80;0,44;0,00;0,47;0,48;1,00;0,93;0,91;
4.4.2015 22:30;000,8;000,0;;;;;21815;1499777;5585;165798;62;710;0;0;0;0;0;0;0;;0,25;0,50;0,75;0,00;0,00;0,00;13416,00;13519,00;13333,00;0,04;0,04;0,06;;0,25;0,50;0,75;0,00;0,00;0,00;1,75;0,00;0,00;1,88;1,92;0,80;0,44;0,00;0,47;0,48;1,00;0,93;0,91;
4.4.2015 22:45;000,7;000,0;;;;;21815;1499777;5585;165798;62;710;0;0;0;0;0;0;0;;0,25;0,50;0,75;0,00;0,00;0,00;13331,00;13452,00;13259,00;0,04;0,04;0,06;;0,25;0,50;0,75;0,00;0,00;0,00;1,75;0,00;0,00;1,83;1,87;0,66;0,44;0,00;0,46;0,47;1,00;0,95;0,93;
4.4.2015 23:00;001,0;000,0;;;;;21815;1499777;5585;165798;62;710;0;0;0;0;0;0;0;;1,75;1,25;1,00;0,00;0,00;0,00;13329,00;13434,00;13257,00;0,14;0,10;0,10;;1,75;1,25;1,25;0,00;0,00;0,75;4,25;0,00;0,75;4,57;4,65;1,74;1,06;0,00;1,14;1,16;1,00;0,93;0,91;
4.4.2015 23:15;001,0;000,0;;;;;21816;1499777;5585;165798;62;710;0;0;0;0;0;0;0;;0,50;0,50;1,25;0,00;0,00;0,00;13335,00;13447,00;13258,00;0,06;0,07;0,11;;0,75;0,75;1,50;0,56;0,56;0,83;2,75;0,00;1,95;3,17;3,31;NaN;0,69;0,00;0,79;0,83;1,00;0,87;0,83;
4.4.2015 23:30;000,8;000,0;;;;;21816;1499777;5585;165798;62;710;0;0;0;0;0;0;0;;0,25;0,50;0,75;0,00;0,00;0,00;13342,00;13450,00;13267,00;0,04;0,04;0,06;;0,25;0,50;0,75;0,00;0,00;0,00;1,75;0,00;0,00;1,84;1,87;0,67;0,44;0,00;0,46;0,47;1,00;0,95;0,93;
4.4.2015 23:45;001,3;000,0;;;;;21816;1499777;5585;165798;62;710;0;0;0;0;0;0;0;;0,50;0,50;1,25;0,00;0,00;0,00;13351,00;13464,00;13273,00;0,06;0,07;0,11;;0,75;0,75;1,50;0,56;0,56;0,83;2,75;0,00;1,95;3,17;3,32;NaN;0,69;0,00;0,79;0,83;1,00;0,87;0,83;
5.4.2015 00:00;000,9;000,0;;;;;21816;1499777;5585;165798;62;710;0;0;0;0;0;0;0;;0,25;0,50;0,75;0,00;0,00;0,00;13358,00;13476,00;13281,00;0,04;0,04;0,06;;0,25;0,50;0,75;0,00;0,00;0,00;1,75;0,00;0,00;1,84;1,88;0,67;0,44;0,00;0,46;0,47;1,00;0,95;0,93;
