Cas;P+;P-;Q1;Q2;Q3;Q4;A+;A-;AQ1;AQ2;AQ3;AQ4;S;AP1;AP2;AP3;D1;D2;D3;;P1;P2;P3;Q1;Q2;Q3;U1;U2;U3;I1;I2;I3;;S1;S2;S3;D1;D2;D3;P;Q;D;Sa;Sr;N;AP++;AQ++;Asa++;Asr++;cosFi;P/Sa;P/Sr
 ;"1.5";"2.5";"5.5";"6.5";"7.5";"8.5";"1.8";"2.8";"5.8";"6.8";"7.8";"8.8";"9.8";"21.8";"41.8";"61.8";"181.5";"182.5";"183.5"
 ;[kW];[kW];[kvar];[kvar];[kvar];[kvar];[kWh];[kWh];[kvarh];[kvarh];[kvarh];[kvarh];[kVAh];[kWh];[kWh];[kWh];[kvar];[kvar];[kvar]; ;[kW];[kW];[kW];[kvar];[kvar];[kvar];[V];[V];[V];[A];[A];[A]; ;[kVA];[kVA];[kVA];[kvar];[kvar];kvar];[kW];[kvar];[kvar];[kVAh];[kVAh];[kvar];[kWh];[kvarh];[kVAh];[kVAh]
1.8.2015 00:00;001,1;000,0;;;;;22880;1699925;5897;190350;62;712;0;0;0;0;0;0;0;;0,50;0,75;1,00;0,00;0,00;0,00;13347,00;13446,00;13295,00;0,05;0,07;0,09;;0,50;0,75;1,00;0,00;0,00;0,00;2,50;0,00;0,00;2,71;2,78;1,21;0,62;0,00;0,68;0,69;1,00;0,92;0,90;
1.8.2015 00:15;001,0;000,0;;;;;22880;1699925;5897;190350;62;712;0;0;0;0;0;0;0;;0,50;0,75;1,00;0,00;0,00;0,00;13365,00;13467,00;13318,00;0,05;0,07;0,09;;0,50;0,75;1,00;0,00;0,00;0,00;2,50;0,00;0,00;2,71;2,78;1,22;0,62;0,00;0,68;0,69;1,00;0,92;0,90;
1.8.2015 00:30;001,1;000,0;;;;;22880;1699925;5897;190350;62;712;0;0;0;0;0;0;0;;0,50;0,75;1,00;0,00;0,00;0,00;13368,00;13473,00;13320,00;0,05;0,07;0,09;;0,50;0,75;1,00;0,00;0,00;0,00;2,50;0,00;0,00;2,74;2,82;1,31;0,62;0,00;0,69;0,71;1,00;0,91;0,89;
1.8.2015 00:45;001,0;000,0;;;;;22881;1699925;5897;190350;62;712;0;0;0;0;0;0;0;;0,50;0,50;1,00;0,00;0,00;0,00;13375,00;13477,00;13319,00;0,04;0,05;0,08;;0,50;0,75;1,00;0,00;0,56;0,00;2,25;0,00;0,56;2,44;2,53;1,00;0,56;0,00;0,61;0,63;1,00;0,92;0,89;
1.8.2015 01:00;000,9;000,0;;;;;22881;1699925;5897;190350;62;712;0;0;0;0;0;0;0;;0,50;0,50;1,00;0,00;0,00;0,00;13380,00;13484,00;13325,00;0,04;0,05;0,08;;0,50;0,75;1,00;0,00;0,56;0,00;2,25;0,00;0,56;2,44;2,53;1,00;0,56;0,00;0,61;0,63;1,00;0,92;0,89;
1.8.2015 01:15;000,9;000,0;;;;;22881;1699925;5897;190350;62;712;0;0;0;0;0;0;0;;0,50;0,50;1,00;0,00;0,00;0,00;13416,00;13519,00;13357,00;0,04;0,05;0,08;;0,50;0,75;1,00;0,00;0,56;0,00;2,25;0,00;0,56;2,45;2,53;1,02;0,56;0,00;0,61;0,63;1,00;0,92;0,89;
1.8.2015 01:30;000,9;000,0;;;;;22881;1699925;5897;190350;62;712;0;0;0;0;0;0;0;;0,50;0,50;1,00;0,00;0,00;0,00;13406,00;13509,00;13347,00;0,04;0,05;0,08;;0,50;0,75;1,00;0,00;0,56;0,00;2,25;0,00;0,56;2,45;2,53;1,02;0,56;0,00;0,61;0,63;1,00;0,92;0,89;
1.8.2015 01:45;000,9;000,0;;;;;22882;1699925;5897;190350;62;712;0;0;0;0;0;0;0;;0,50;0,50;1,00;0,00;0,00;0,00;13426,00;13531,00;13371,00;0,04;0,06;0,09;;0,50;0,75;1,00;0,00;0,56;0,00;2,25;0,00;0,56;2,52;2,61;1,20;0,56;0,00;0,63;0,65;1,00;0,89;0,86;
1.8.2015 02:00;001,0;000,0;;;;;22882;1699925;5897;190350;62;712;0;0;0;0;0;0;0;;0,50;0,50;1,00;0,00;0,00;0,00;13453,00;13561,00;13404,00;0,04;0,06;0,09;;0,50;0,75;1,00;0,00;0,56;0,00;2,25;0,00;0,56;2,52;2,61;1,21;0,56;0,00;0,63;0,65;1,00;0,89;0,86;
1.8.2015 02:15;000,9;000,0;;;;;22882;1699925;5897;190350;62;712;0;0;0;0;0;0;0;;0,50;0,50;1,00;0,00;0,00;0,00;13447,00;13553,00;13397,00;0,04;0,06;0,09;;0,50;0,75;1,00;0,00;0,56;0,00;2,25;0,00;0,56;2,52;2,61;1,21;0,56;0,00;0,63;0,65;1,00;0,89;0,86;
1.8.2015 02:30;000,9;000,0;;;;;22882;1699925;5897;190350;62;712;0;0;0;0;0;0;0;;0,50;0,50;1,00;0,00;0,00;0,00;13439,00;13545,00;13380,00;0,04;0,06;0,09;;0,50;0,75;1,00;0,00;0,56;0,00;2,25;0,00;0,56;2,52;2,61;1,20;0,56;0,00;0,63;0,65;1,00;0,89;0,86;
1.8.2015 02:45;000,9;000,0;;;;;22883;1699925;5897;190350;62;712;0;0;0;0;0;0;0;;0,50;0,50;1,00;0,00;0,00;0,00;13419,00;13530,00;13366,00;0,04;0,06;0,09;;0,50;0,75;1,00;0,00;0,56;0,00;2,25;0,00;0,56;2,52;2,61;1,19;0,56;0,00;0,63;0,65;1,00;0,89;0,86;
1.8.2015 03:00;001,0;000,0;;;;;22883;1699925;5897;190350;62;712;0;0;0;0;0;0;0;;0,25;0,50;1,00;0,00;0,00;0,00;13414,00;13522,00;13357,00;0,04;0,06;0,08;;0,50;0,75;1,00;0,43;0,56;0,00;2,25;0,00;0,99;2,45;2,54;0,64;0,56;0,00;0,61;0,63;1,00;0,92;0,89;
1.8.2015 03:15;000,9;000,0;;;;;22883;1699925;5897;190350;62;712;0;0;0;0;0;0;0;;0,25;0,50;1,00;0,00;0,00;0,00;13440,00;13549,00;13389,00;0,04;0,06;0,08;;0,50;0,75;1,00;0,43;0,56;0,00;2,25;0,00;0,99;2,45;2,55;0,66;0,56;0,00;0,61;0,64;1,00;0,92;0,88;
1.8.2015 03:30;000,9;000,0;;;;;22883;1699925;5897;190350;62;712;0;0;0;0;0;0;0;;0,25;0,50;1,00;0,00;0,00;0,00;13434,00;13532,00;13380,00;0,04;0,05;0,08;;0,50;0,50;1,00;0,43;0,00;0,00;2,00;0,00;0,43;2,28;2,37;1,20;0,50;0,00;0,57;0,59;1,00;0,88;0,84;
1.8.2015 03:45;000,7;000,0;;;;;22883;1699925;5897;190350;62;712;0;0;0;0;0;0;0;;0,25;0,50;0,75;0,00;0,00;0,00;13435,00;13542,00;13381,00;0,04;0,04;0,06;;0,25;0,50;0,75;0,00;0,00;0,00;1,75;0,00;0,00;1,88;1,93;0,81;0,44;0,00;0,47;0,48;1,00;0,93;0,91;
1.8.2015 04:00;000,7;000,0;;;;;22884;1699925;5897;190350;62;712;0;0;0;0;0;0;0;;0,25;0,50;0,75;0,00;0,00;0,00;13419,00;13538,00;13378,00;0,04;0,04;0,06;;0,25;0,50;0,75;0,00;0,00;0,00;1,75;0,00;0,00;1,88;1,93;0,81;0,44;0,00;0,47;0,48;1,00;0,93;0,91;
1.8.2015 04:15;000,7;000,0;;;;;22884;1699925;5897;190350;62;712;0;0;0;0;0;0;0;;0,25;0,50;0,75;0,00;0,00;0,00;13444,00;13545,00;13386,00;0,04;0,04;0,06;;0,25;0,50;0,75;0,00;0,00;0,00;1,75;0,00;0,00;1,88;1,93;0,81;0,44;0,00;0,47;0,48;1,00;0,93;0,91;
1.8.2015 04:30;000,8;000,0;;;;;22884;1699925;5897;190350;62;712;0;0;0;0;0;0;0;;0,25;0,50;0,75;0,00;0,00;0,00;13429,00;13537,00;13383,00;0,04;0,04;0,06;;0,25;0,50;0,75;0,00;0,00;0,00;1,75;0,00;0,00;1,88;1,93;0,81;0,44;0,00;0,47;0,48;1,00;0,93;0,91;
1.8.2015 04:45;000,7;000,0;;;;;22884;1699925;5897;190350;62;712;0;0;0;0;0;0;0;;0,25;0,50;0,75;0,00;0,00;0,00;13443,00;13555,00;13389,00;0,04;0,04;0,06;;0,25;0,50;0,75;0,00;0,00;0,00;1,75;0,00;0,00;1,88;1,93;0,81;0,44;0,00;0,47;0,48;1,00;0,93;0,91;
1.8.2015 05:00;000,7;000,0;;;;;22884;1699925;5897;190350;62;712;0;0;0;0;0;0;0;;0,25;0,50;0,75;0,00;0,00;0,00;13480,00;13587,00;13434,00;0,04;0,04;0,06;;0,25;0,50;0,75;0,00;0,00;0,00;1,75;0,00;0,00;1,89;1,94;0,83;0,44;0,00;0,47;0,48;1,00;0,93;0,90;
1.8.2015 05:15;000,7;000,0;;;;;22884;1699925;5898;190350;62;712;0;0;0;0;0;0;0;;-0,25;0,25;0,75;8,75;7,75;9,00;13506,00;13612,00;13452,00;0,67;0,59;0,69;;9,00;8,00;9,25;2,09;1,97;2,00;0,75;26,00;6,06;26,36;26,43;NaN;0,19;6,50;6,59;6,61;-0,99;0,03;0,03;
1.8.2015 05:30;000,0;000,4;;;;;22884;1699925;5899;190352;62;712;0;0;0;0;0;0;0;;-1,75;-0,75;-0,25;5,25;4,00;5,50;13498,00;13609,00;13445,00;0,42;0,33;0,43;;5,50;4,50;5,50;nan;1,92;nan;-3,00;14,75;nan;15,94;16,05;NaN;-0,75;3,69;3,99;4,01;0,20;-0,19;-0,19;
1.8.2015 05:45;000,0;002,6;;;;;22884;1699926;5899;190353;62;712;0;0;0;0;0;0;0;;-3,50;-3,00;-3,00;0,75;0,00;1,00;13505,00;13622,00;13457,00;0,28;0,25;0,25;;3,75;3,25;3,25;1,12;1,25;0,75;-9,75;2,00;3,12;10,52;10,54;1,49;-2,44;0,50;2,63;2,63;0,98;-0,93;-0,93;
1.8.2015 06:00;000,0;005,9;;;;;22884;1699928;5899;190353;62;712;0;0;0;0;0;0;0;;-6,50;-6,25;-5,75;1,00;0,00;1,00;13504,00;13616,00;13455,00;0,50;0,48;0,46;;6,75;6,50;6,00;1,52;1,79;1,39;-19,00;2,00;4,70;19,44;19,46;NaN;-4,75;0,50;4,86;4,86;0,99;-0,98;-0,98;
1.8.2015 06:15;000,0;010,6;;;;;22884;1699930;5899;190353;62;712;0;0;0;0;0;0;0;;-11,00;-10,75;-10,50;1,25;0,75;1,00;13462,00;13573,00;13408,00;0,83;0,81;0,81;;11,25;10,75;10,75;2,00;nan;2,08;-32,50;3,25;nan;32,99;33,00;NaN;-8,12;0,81;8,25;8,25;1,00;-0,99;-0,98;
1.8.2015 06:30;000,0;013,5;;;;;22884;1699934;5899;190354;62;712;0;0;0;0;0;0;0;;-11,75;-11,50;-11,25;1,25;0,75;1,00;13434,00;13548,00;13379,00;0,89;0,87;0,86;;11,75;11,75;11,25;nan;2,29;nan;-34,75;3,25;nan;35,11;35,12;NaN;-8,69;0,81;8,78;8,78;1,00;-0,99;-0,99;
1.8.2015 06:45;000,0;014,1;;;;;22884;1699937;5899;190354;62;712;0;0;0;0;0;0;0;;-12,50;-12,25;-12,00;1,25;0,75;1,00;13394,00;13510,00;13341,00;0,95;0,93;0,92;;12,50;12,50;12,25;nan;2,37;2,25;-37,00;3,25;nan;37,46;37,47;NaN;-9,25;0,81;9,37;9,37;1,00;-0,99;-0,99;
1.8.2015 07:00;000,0;019,8;;;;;22884;1699942;5899;190354;62;712;0;0;0;0;0;0;0;;-21,00;-21,00;-20,50;1,75;1,25;1,50;13404,00;13522,00;13354,00;1,59;1,56;1,56;;21,25;21,00;20,75;2,74;nan;2,84;-62,75;4,75;nan;63,17;63,18;NaN;-15,69;1,19;15,79;15,79;1,00;-0,99;-0,99;
1.8.2015 07:15;000,0;033,9;;;;;22884;1699951;5899;190355;62;712;0;0;0;0;0;0;0;;-35,50;-35,25;-35,00;3,00;2,50;2,75;13413,00;13534,00;13353,00;2,66;2,62;2,63;;35,50;35,50;35,00;nan;3,38;nan;-105,75;8,50;nan;106,32;106,33;NaN;-26,44;2,12;26,58;26,58;1,00;-0,99;-0,99;
1.8.2015 07:30;000,0;048,8;;;;;22884;1699963;5899;190356;62;712;0;0;0;0;0;0;0;;-47,25;-47,75;-46,75;4,75;3,75;3,75;13361,00;13586,00;13253,00;3,57;3,54;3,54;;47,50;48,00;46,75;1,06;3,14;nan;-142,00;12,75;nan;142,61;142,62;NaN;-35,50;3,19;35,65;35,65;1,00;-1,00;-1,00;
1.8.2015 07:45;000,0;064,7;;;;;22884;1699979;5899;190358;62;712;0;0;0;0;0;0;0;;-62,75;-63,50;-62,25;6,00;5,00;5,00;13156,00;13376,00;13055,00;4,81;4,77;4,79;;63,25;63,75;62,50;5,20;2,61;2,49;-188,75;16,25;10,29;189,55;189,57;NaN;-47,19;4,06;47,39;47,39;1,00;-1,00;-1,00;
1.8.2015 08:00;000,0;085,0;;;;;22884;1700001;5899;190360;62;712;0;0;0;0;0;0;0;;-80,75;-81,75;-80,25;8,50;7,25;7,00;13132,00;13361,00;13025,00;6,19;6,16;6,19;;81,25;82,25;80,50;2,96;5,43;nan;-243,00;23,00;nan;244,28;244,30;NaN;-60,75;5,75;61,07;61,08;1,00;-0,99;-0,99;
1.8.2015 08:15;000,0;100,7;;;;;22884;1700028;5899;190362;62;712;0;0;0;0;0;0;0;;-90,00;-91,50;-89,25;10,25;8,75;8,00;13137,00;13360,00;13030,00;6,90;6,89;6,90;;90,50;92,00;89,75;nan;3,90;5,05;-271,00;27,25;nan;272,50;272,52;NaN;-67,75;6,81;68,13;68,13;0,99;-0,99;-0,99;
1.8.2015 08:30;000,0;117,0;;;;;22884;1700055;5899;190365;62;712;0;0;0;0;0;0;0;;-107,00;-108,75;-106,50;13,50;11,50;10,75;13103,00;13319,00;13001,00;8,25;8,23;8,24;;108,00;109,50;107,00;5,72;5,61;nan;-322,50;36,00;nan;324,78;324,80;NaN;-80,62;9,00;81,19;81,20;0,99;-0,99;-0,99;
1.8.2015 08:45;000,0;125,2;;;;;22884;1700087;5899;190369;62;712;0;0;0;0;0;0;0;;-99,00;-100,50;-98,50;12,00;10,50;9,75;13058,00;13288,00;12950,00;7,65;7,62;7,77;;99,75;101,25;99,00;2,25;6,41;1,92;-298,50;32,50;10,58;301,77;301,82;28,74;-74,62;8,12;75,44;75,46;0,99;-0,99;-0,99;
1.8.2015 09:00;000,0;152,7;;;;;22884;1700125;5899;190373;62;712;0;0;0;0;0;0;0;;-130,75;-132,75;-130,25;15,75;14,00;12,75;13087,00;13309,00;12986,00;10,07;10,04;10,10;;131,75;133,50;131,00;3,80;1,92;5,78;-394,00;42,75;11,50;396,57;396,60;9,74;-98,50;10,69;99,14;99,15;0,99;-0,99;-0,99;
1.8.2015 09:15;000,0;154,8;;;;;22884;1700164;5899;190377;62;712;0;0;0;0;0;0;0;;-141,25;-143,50;-141,00;17,75;15,75;14,50;13127,00;13336,00;13021,00;10,86;10,84;10,90;;142,50;144,50;141,75;6,29;6,32;1,35;-426,25;48,25;13,96;429,15;429,18;NaN;-106,56;12,06;107,29;107,30;0,99;-0,99;-0,99;
1.8.2015 09:30;000,0;173,5;;;;;22884;1700207;5899;190382;62;712;0;0;0;0;0;0;0;;-146,75;-149,25;-146,50;18,75;17,00;15,50;13098,00;13313,00;12989,00;11,31;11,30;11,36;;148,00;150,25;147,50;4,11;3,24;7,33;-443,00;51,50;14,68;446,13;446,16;NaN;-110,75;12,88;111,53;111,54;0,99;-0,99;-0,99;
1.8.2015 09:45;000,0;174,9;;;;;22884;1700251;5899;190387;62;712;0;0;0;0;0;0;0;;-148,00;-150,50;-147,50;19,25;17,25;16,00;13061,00;13278,00;12953,00;11,44;11,42;11,47;;149,25;151,50;148,50;1,00;2,11;6,32;-446,50;52,75;9,43;449,69;449,72;3,96;-111,62;13,19;112,42;112,43;0,99;-0,99;-0,99;
1.8.2015 10:00;000,0;186,4;;;;;22884;1700298;5899;190393;62;712;0;0;0;0;0;0;0;;-165,25;-167,75;-164,50;23,25;20,75;19,25;13065,00;13268,00;12954,00;12,78;12,76;12,81;;167,00;169,25;165,75;6,39;8,66;6,50;-498,00;63,25;21,55;502,15;502,18;NaN;-124,50;15,81;125,54;125,54;0,99;-0,99;-0,99;
1.8.2015 10:15;000,0;209,5;;;;;22884;1700350;5899;190399;62;712;0;0;0;0;0;0;0;;-178,25;-181,00;-178,00;23,00;20,75;19,25;13078,00;13287,00;12965,00;13,75;13,72;13,80;;179,75;182,25;179,00;2,83;4,85;nan;-537,50;63,00;nan;541,00;541,05;NaN;-134,38;15,75;135,25;135,26;0,99;-0,99;-0,99;
1.8.2015 10:30;000,0;215,1;;;;;22884;1700404;5899;190405;62;712;0;0;0;0;0;0;0;;-186,50;-189,25;-185,75;24,75;22,00;20,75;13104,00;13322,00;13005,00;14,36;14,32;14,39;;188,00;190,75;187,00;nan;9,27;5,95;-561,75;67,75;nan;566,12;566,16;NaN;-140,44;16,94;141,53;141,54;0,99;-0,99;-0,99;
1.8.2015 10:45;000,0;239,2;;;;;22884;1700464;5899;190413;62;712;0;0;0;0;0;0;0;;-202,00;-205,75;-201,75;28,50;25,75;23,50;13072,00;13281,00;12970,00;15,62;15,62;15,68;;204,00;207,25;203,25;nan;nan;7,43;-609,75;78,00;nan;614,97;615,01;NaN;-152,44;19,50;153,74;153,75;0,99;-0,99;-0,99;
1.8.2015 11:00;000,0;244,0;;;;;22884;1700525;5899;190421;62;712;0;0;0;0;0;0;0;;-215,50;-219,00;-214,75;31,50;28,25;26,75;13092,00;13316,00;12993,00;16,64;16,60;16,67;;217,75;221,00;216,50;nan;9,05;6,25;-649,50;86,50;nan;655,55;655,60;NaN;-162,38;21,62;163,89;163,90;0,99;-0,99;-0,99;
1.8.2015 11:15;000,0;259,8;;;;;22884;1700590;5899;190429;62;712;0;0;0;0;0;0;0;;-215,00;-218,50;-214,25;31,50;28,50;26,50;13073,00;13297,00;12969,00;16,62;16,59;16,66;;217,25;220,50;216,00;nan;8,11;7,12;-648,00;86,50;nan;653,93;653,98;NaN;-162,00;21,62;163,48;163,50;0,99;-0,99;-0,99;
1.8.2015 11:30;000,0;263,8;;;;;22884;1700656;5899;190438;62;712;0;0;0;0;0;0;0;;-220,25;-224,25;-219,75;33,00;29,50;27,25;13106,00;13317,00;12998,00;17,00;16,99;17,04;;222,75;226,25;221,50;4,30;5,55;5,44;-664,25;90,00;15,29;670,58;670,62;12,95;-166,06;22,50;167,64;167,65;0,99;-0,99;-0,99;
1.8.2015 11:45;000,0;269,9;;;;;22884;1700723;5899;190448;62;712;0;0;0;0;0;0;0;;-226,00;-230,00;-225,25;33,75;30,50;29,00;13143,00;13377,00;13043,00;17,40;17,35;17,43;;228,50;232,00;227,25;nan;nan;8,00;-681,50;93,50;nan;688,15;688,21;NaN;-170,38;23,38;172,04;172,05;0,99;-0,99;-0,99;
1.8.2015 12:00;000,0;273,9;;;;;22884;1700792;5899;190457;62;712;0;0;0;0;0;0;0;;-227,00;-230,75;-226,25;33,75;30,50;28,50;13206,00;13425,00;13098,00;17,39;17,35;17,42;;229,50;233,00;228,00;1,48;10,64;nan;-684,25;93,00;nan;690,84;690,89;NaN;-171,06;23,25;172,71;172,72;0,99;-0,99;-0,99;
1.8.2015 12:15;000,0;265,5;;;;;22884;1700858;5899;190466;62;712;0;0;0;0;0;0;0;;-225,50;-229,50;-225,00;33,25;30,25;28,00;13210,00;13433,00;13099,00;17,27;17,24;17,32;;228,00;231,50;226,75;5,31;2,63;2,56;-680,25;91,75;10,50;686,70;686,75;18,80;-170,06;22,94;171,67;171,69;0,99;-0,99;-0,99;
1.8.2015 12:30;000,0;278,9;;;;;22884;1700928;5899;190475;62;712;0;0;0;0;0;0;0;;-229,50;-233,50;-229,00;34,25;31,00;29,00;13229,00;13454,00;13128,00;17,56;17,53;17,60;;232,25;235,75;231,00;9,84;9,74;8,89;-692,25;94,50;28,46;699,07;699,12;NaN;-173,06;23,62;174,77;174,78;0,99;-0,99;-0,99;
1.8.2015 12:45;000,0;274,5;;;;;22884;1700996;5899;190485;62;712;0;0;0;0;0;0;0;;-229,50;-233,50;-229,00;34,50;31,25;29,00;13222,00;13434,00;13116,00;17,57;17,54;17,60;;232,25;235,50;230,75;8,92;nan;nan;-692,00;94,75;nan;698,85;698,90;NaN;-173,00;23,69;174,71;174,72;0,99;-0,99;-0,99;
1.8.2015 13:00;000,0;264,7;;;;;22884;1701063;5899;190493;62;712;0;0;0;0;0;0;0;;-223,00;-226,75;-222,50;33,00;29,50;27,50;13212,00;13425,00;13115,00;17,09;17,05;17,11;;225,75;228,75;224,25;12,04;6,38;5,06;-672,75;90,25;23,48;679,09;679,13;NaN;-168,19;22,56;169,77;169,78;0,99;-0,99;-0,99;
1.8.2015 13:15;000,0;272,8;;;;;22884;1701131;5899;190503;62;712;0;0;0;0;0;0;0;;-239,50;-243,50;-238,75;36,50;33,25;31,00;13247,00;13475,00;13147,00;18,29;18,26;18,36;;242,25;246,00;241,00;nan;10,87;10,88;-722,00;101,25;nan;729,62;729,68;NaN;-180,50;25,31;182,40;182,42;0,99;-0,99;-0,99;
1.8.2015 13:30;000,0;278,6;;;;;22884;1701200;5899;190512;62;712;0;0;0;0;0;0;0;;-225,25;-229,00;-224,75;32,75;30,25;28,00;13259,00;13478,00;13139,00;17,19;17,16;17,24;;227,75;231,00;226,50;7,74;2,22;2,38;-679,25;91,25;12,35;685,72;685,77;20,65;-169,81;22,81;171,43;171,44;0,99;-0,99;-0,99;
1.8.2015 13:45;000,0;272,8;;;;;22884;1701269;5899;190521;62;712;0;0;0;0;0;0;0;;-228,75;-232,75;-228,25;34,50;30,75;28,50;13214,00;13417,00;13119,00;17,52;17,51;17,55;;231,50;234,75;230,25;8,69;nan;10,23;-690,00;94,00;nan;696,75;696,78;NaN;-172,50;23,50;174,19;174,20;0,99;-0,99;-0,99;
1.8.2015 14:00;000,0;271,6;;;;;22884;1701336;5899;190531;62;712;0;0;0;0;0;0;0;;-219,50;-223,25;-219,00;32,00;28,75;26,50;13254,00;13468,00;13144,00;16,75;16,73;16,80;;222,00;225,25;220,75;8,93;8,39;8,20;-662,25;87,50;25,53;668,18;668,22;NaN;-165,56;21,88;167,04;167,06;0,99;-0,99;-0,99;
1.8.2015 14:15;000,0;269,1;;;;;22884;1701404;5899;190539;62;712;0;0;0;0;0;0;0;;-223,50;-227,00;-222,75;32,50;29,25;27,50;13280,00;13497,00;13174,00;17,02;16,98;17,05;;225,75;229,00;224,50;nan;7,51;5,14;-673,50;89,50;nan;679,72;679,77;NaN;-168,38;22,38;169,93;169,94;0,99;-0,99;-0,99;
1.8.2015 14:30;000,0;268,3;;;;;22884;1701471;5899;190548;62;712;0;0;0;0;0;0;0;;-234,50;-207,75;-219,00;22,50;19,75;44,00;14118,00;12552,00;13358,00;16,69;16,65;16,73;;235,50;209,00;223,50;nan;11,44;7,43;-661,50;86,25;nan;668,20;668,94;NaN;-165,38;21,56;167,05;167,23;0,99;-0,99;-0,99;
1.8.2015 14:45;000,0;260,9;;;;;22884;1701536;5899;190557;62;712;0;0;0;0;0;0;0;;-228,25;-202,50;-213,50;21,25;19,25;42,50;14082,00;12524,00;13325,00;16,31;16,26;16,35;;229,50;203,50;217,75;10,98;5,95;5,15;-644,50;83,25;22,09;651,08;651,79;45,02;-161,12;20,81;162,77;162,95;0,99;-0,99;-0,99;
1.8.2015 15:00;000,0;252,7;;;;;22884;1701599;5899;190565;62;712;0;0;0;0;0;0;0;;-219,25;-194,00;-204,75;19,75;17,25;40,00;14125,00;12552,00;13367,00;15,59;15,54;15,62;;220,00;195,00;208,75;nan;9,56;7,35;-618,25;77,00;nan;624,09;624,78;NaN;-154,56;19,25;156,02;156,19;0,99;-0,99;-0,99;
1.8.2015 15:15;000,0;237,3;;;;;22884;1701658;5899;190572;62;712;0;0;0;0;0;0;0;;-210,75;-187,00;-197,50;18,25;16,25;37,75;14074,00;12546,00;13353,00;15,05;14,98;15,07;;211,75;187,75;201,00;9,46;4,12;nan;-595,50;72,50;nan;600,95;601,55;NaN;-148,88;18,12;150,24;150,39;0,99;-0,99;-0,99;
1.8.2015 15:30;000,0;230,2;;;;;22884;1701716;5899;190579;62;712;0;0;0;0;0;0;0;;-162,00;-144,00;-152,25;11,50;10,50;26,75;14007,00;12490,00;13300,00;11,61;11,57;11,64;;162,50;144,50;154,75;5,48;5,83;7,21;-458,50;49,00;18,51;461,88;462,35;28,30;-114,62;12,25;115,47;115,59;0,99;-0,99;-0,99;
1.8.2015 15:45;000,0;205,6;;;;;22884;1701767;5899;190585;62;712;0;0;0;0;0;0;0;;-164,25;-145,75;-154,00;12,00;10,50;26,75;14022,00;12491,00;13286,00;11,75;11,72;11,79;;164,75;146,25;156,50;4,53;5,98;7,79;-464,25;49,50;18,30;467,83;468,32;31,86;-116,06;12,38;116,96;117,08;0,99;-0,99;-0,99;
1.8.2015 16:00;000,0;210,6;;;;;22884;1701820;5899;190591;62;712;0;0;0;0;0;0;0;;-186,25;-165,50;-174,25;15,50;12,75;31,50;13992,00;12460,00;13259,00;13,36;13,34;13,38;;186,75;166,25;177,25;nan;9,29;7,89;-526,25;60,25;nan;530,55;531,13;NaN;-131,56;15,06;132,64;132,78;0,99;-0,99;-0,99;
1.8.2015 16:15;000,0;202,2;;;;;22884;1701870;5899;190596;62;712;0;0;0;0;0;0;0;;-172,50;-153,25;-161,50;13,00;11,25;28,50;14038,00;12513,00;13281,00;12,34;12,29;12,36;;173,00;153,75;164,25;1,94;5,19;9,14;-487,50;53,00;16,27;491,13;491,64;31,25;-121,88;13,25;122,78;122,91;0,99;-0,99;-0,99;
1.8.2015 16:30;000,0;189,0;;;;;22884;1701918;5899;190601;62;712;0;0;0;0;0;0;0;;-160,75;-143,25;-151,25;11,25;10,25;26,00;14030,00;12515,00;13275,00;11,51;11,48;11,57;;161,25;143,50;153,50;5,87;nan;3,11;-455,50;47,75;nan;458,75;459,23;NaN;-113,88;11,94;114,69;114,81;0,99;-0,99;-0,99;
1.8.2015 16:45;000,0;174,4;;;;;22884;1701961;5899;190606;62;712;0;0;0;0;0;0;0;;-148,25;-131,00;-138,50;9,75;8,75;24,00;14036,00;12488,00;13257,00;10,59;10,54;10,62;;148,50;131,50;140,75;nan;7,40;7,23;-418,00;42,75;nan;421,06;421,50;NaN;-104,50;10,69;105,26;105,37;0,99;-0,99;-0,99;
1.8.2015 17:00;000,0;156,3;;;;;22884;1702000;5899;190610;62;712;0;0;0;0;0;0;0;;-130,75;-115,75;-122,75;7,75;7,25;20,50;14060,00;12515,00;13300,00;9,32;9,28;9,37;;131,00;116,00;124,50;2,32;2,32;3,53;-369,50;35,75;8,16;371,93;372,32;27,36;-92,38;8,94;92,98;93,08;1,00;-0,99;-0,99;
1.8.2015 17:15;000,0;139,8;;;;;22884;1702035;5899;190613;62;712;0;0;0;0;0;0;0;;-111,75;-99,00;-104,75;6,50;5,75;17,25;14036,00;12492,00;13273,00;7,99;7,95;8,02;;112,00;99,25;106,25;3,70;4,06;4,35;-315,75;29,50;12,11;317,74;318,07;21,32;-78,94;7,38;79,44;79,52;1,00;-0,99;-0,99;
1.8.2015 17:30;000,0;117,0;;;;;22884;1702064;5899;190616;62;712;0;0;0;0;0;0;0;;-104,75;-93,00;-98,50;5,75;5,25;15,75;14048,00;12536,00;13283,00;7,48;7,44;7,53;;105,00;93,25;100,00;4,40;4,36;7,05;-296,50;27,00;15,81;298,33;298,63;17,00;-74,12;6,75;74,58;74,66;1,00;-0,99;-0,99;
1.8.2015 17:45;000,0;102,3;;;;;22884;1702090;5899;190618;62;712;0;0;0;0;0;0;0;;-80,25;-71,25;-75,00;4,75;3,75;12,00;14040,00;12490,00;13260,00;5,75;5,72;5,75;;80,50;71,25;76,25;4,20;nan;6,71;-227,00;20,75;nan;228,41;228,65;NaN;-56,75;5,19;57,10;57,16;1,00;-0,99;-0,99;
1.8.2015 18:00;000,0;075,9;;;;;22884;1702108;5899;190620;62;712;0;0;0;0;0;0;0;;-66,00;-58,50;-61,50;3,75;3,00;9,75;14018,00;12472,00;13261,00;4,72;4,70;4,71;;66,00;58,50;62,50;nan;nan;5,38;-186,00;16,75;nan;187,28;187,47;NaN;-46,50;4,19;46,82;46,87;1,00;-0,99;-0,99;
1.8.2015 18:15;000,0;070,0;;;;;22884;1702126;5899;190621;62;712;0;0;0;0;0;0;0;;-40,50;-35,75;-37,50;2,25;1,75;6,00;13979,00;12451,00;13254,00;2,91;2,89;2,89;;40,50;35,75;38,25;nan;nan;4,56;-114,00;10,50;nan;114,90;115,01;NaN;-28,50;2,62;28,73;28,75;1,00;-0,99;-0,99;
1.8.2015 18:30;000,0;042,9;;;;;22884;1702136;5899;190622;62;712;0;0;0;0;0;0;0;;-32,25;-28,50;-29,75;1,75;1,00;4,75;13988,00;12445,00;13239,00;2,32;2,30;2,28;;32,25;28,50;30,25;nan;nan;2,73;-90,75;7,75;nan;91,26;91,35;NaN;-22,69;1,94;22,82;22,84;1,00;-0,99;-0,99;
1.8.2015 18:45;000,0;033,6;;;;;22884;1702145;5899;190623;62;712;0;0;0;0;0;0;0;;-28,75;-25,25;-26,25;1,50;0,75;4,25;13962,00;12423,00;13204,00;2,08;2,04;2,02;;28,75;25,25;26,50;nan;nan;nan;-80,25;6,75;nan;80,99;81,06;NaN;-20,06;1,69;20,25;20,26;1,00;-0,99;-0,99;
1.8.2015 19:00;000,0;025,2;;;;;22884;1702151;5899;190624;62;712;0;0;0;0;0;0;0;;-16,75;-14,75;-15,25;1,25;0,50;2,50;14006,00;12435,00;13239,00;1,21;1,19;1,17;;16,75;14,75;15,50;nan;nan;1,20;-46,75;4,50;nan;47,33;47,38;NaN;-11,69;1,12;11,83;11,84;1,00;-0,99;-0,99;
1.8.2015 19:15;000,0;015,1;;;;;22884;1702155;5899;190624;62;712;0;0;0;0;0;0;0;;-11,25;-9,75;-10,25;1,00;0,50;2,00;14012,00;12450,00;13231,00;0,82;0,80;0,79;;11,50;9,75;10,50;2,17;nan;1,09;-31,50;3,75;nan;32,00;32,03;NaN;-7,88;0,94;8,00;8,01;0,99;-0,98;-0,98;
1.8.2015 19:30;000,0;010,1;;;;;22884;1702157;5899;190624;62;712;0;0;0;0;0;0;0;;-7,50;-6,50;-6,50;1,00;0,50;1,50;13983,00;12434,00;13242,00;0,55;0,53;0,51;;7,50;6,50;6,75;nan;nan;1,03;-20,50;3,25;nan;21,07;21,09;NaN;-5,12;0,81;5,27;5,27;0,99;-0,97;-0,97;
1.8.2015 19:45;000,0;007,2;;;;;22884;1702159;5899;190625;62;712;0;0;0;0;0;0;0;;-5,50;-4,75;-4,75;1,00;0,50;1,50;13982,00;12427,00;13219,00;0,42;0,40;0,38;;5,75;5,00;5,00;1,35;1,48;0,43;-15,25;3,25;3,26;16,00;16,01;1,64;-3,81;0,81;4,00;4,00;0,98;-0,95;-0,95;
1.8.2015 20:00;000,0;004,1;;;;;22884;1702160;5899;190625;62;712;0;0;0;0;0;0;0;;-2,25;-1,50;-1,50;1,00;0,50;1,25;14000,00;12446,00;13240,00;0,20;0,16;0,17;;2,50;1,75;2,25;0,43;0,75;1,12;-5,50;2,75;2,30;6,97;6,98;2,36;-1,38;0,69;1,74;1,74;0,88;-0,79;-0,79;
1.8.2015 20:15;000,3;000,6;;;;;22885;1702160;5899;190625;62;712;0;0;0;0;0;0;0;;0,75;0,75;1,00;-1,25;-1,25;-1,25;13954,00;12398,00;13187,00;0,19;0,21;0,21;;2,50;2,50;2,75;2,03;2,03;2,24;3,00;-4,00;6,30;8,12;8,16;1,36;0,75;-1,00;2,03;2,04;0,24;0,37;0,37;
1.8.2015 20:30;001,2;000,0;;;;;22885;1702160;5899;190625;62;712;0;0;0;0;0;0;0;;0,75;0,75;1,00;0,00;0,00;0,00;13946,00;12406,00;13201,00;0,07;0,07;0,09;;0,75;0,75;1,00;0,00;0,00;0,00;2,75;0,00;0,00;3,00;3,03;1,27;0,69;0,00;0,75;0,76;1,00;0,92;0,91;
1.8.2015 20:45;001,2;000,0;;;;;22885;1702160;5899;190625;62;712;0;0;0;0;0;0;0;;0,75;0,75;1,00;0,00;0,00;0,00;13869,00;12341,00;13143,00;0,07;0,07;0,09;;0,75;0,75;1,00;0,00;0,00;0,00;2,75;0,00;0,00;2,98;3,01;1,23;0,69;0,00;0,75;0,75;1,00;0,92;0,91;
1.8.2015 21:00;001,2;000,0;;;;;22885;1702160;5899;190625;62;712;0;0;0;0;0;0;0;;0,75;0,75;1,00;0,00;0,00;0,00;13885,00;12335,00;13117,00;0,07;0,07;0,09;;0,75;0,75;1,00;0,00;0,00;0,00;2,75;0,00;0,00;2,98;3,01;1,23;0,69;0,00;0,75;0,75;1,00;0,92;0,91;
1.8.2015 21:15;001,2;000,0;;;;;22886;1702160;5899;190625;62;712;0;0;0;0;0;0;0;;0,75;0,75;1,00;0,00;0,00;0,00;13861,00;12342,00;13144,00;0,07;0,07;0,09;;0,75;0,75;1,00;0,00;0,00;0,00;2,75;0,00;0,00;2,98;3,01;1,23;0,69;0,00;0,75;0,75;1,00;0,92;0,91;
1.8.2015 21:30;001,1;000,0;;;;;22886;1702160;5899;190625;62;712;0;0;0;0;0;0;0;;0,75;0,75;1,00;0,00;0,00;0,00;13911,00;12332,00;13134,00;0,07;0,07;0,09;;0,75;0,75;1,00;0,00;0,00;0,00;2,75;0,00;0,00;2,95;2,99;1,16;0,69;0,00;0,74;0,75;1,00;0,93;0,92;
1.8.2015 21:45;001,2;000,0;;;;;22886;1702160;5899;190625;62;712;0;0;0;0;0;0;0;;0,75;0,75;1,00;0,00;0,00;0,00;13958,00;12384,00;13148,00;0,07;0,07;0,09;;0,75;0,75;1,00;0,00;0,00;0,00;2,75;0,00;0,00;2,99;3,02;1,26;0,69;0,00;0,75;0,76;1,00;0,92;0,91;
1.8.2015 22:00;001,2;000,0;;;;;22887;1702160;5899;190625;62;712;0;0;0;0;0;0;0;;0,75;0,75;1,00;0,00;0,00;0,00;13915,00;12346,00;13152,00;0,07;0,07;0,09;;0,75;0,75;1,00;0,00;0,00;0,00;2,75;0,00;0,00;2,99;3,02;1,24;0,69;0,00;0,75;0,75;1,00;0,92;0,91;
1.8.2015 22:15;001,2;000,0;;;;;22887;1702160;5899;190625;62;712;0;0;0;0;0;0;0;;0,75;0,75;1,00;0,00;0,00;0,00;14001,00;12343,00;13111,00;0,07;0,07;0,09;;0,75;0,75;1,00;0,00;0,00;0,00;2,75;0,00;0,00;2,99;3,02;1,25;0,69;0,00;0,75;0,76;1,00;0,92;0,91;
1.8.2015 22:30;001,2;000,0;;;;;22887;1702160;5899;190625;62;712;0;0;0;0;0;0;0;;0,75;0,75;1,00;0,00;0,00;0,00;14063,00;12408,00;13203,00;0,07;0,07;0,09;;0,75;0,75;1,00;0,00;0,00;0,00;3,00;0,00;0,00;3,04;3,07;0,65;0,75;0,00;0,76;0,77;1,00;0,99;0,98;
1.8.2015 22:45;001,2;000,0;;;;;22888;1702160;5899;190625;62;712;0;0;0;0;0;0;0;;0,75;0,75;1,00;0,00;0,00;0,00;13928,00;12356,00;13191,00;0,07;0,07;0,09;;0,75;0,75;1,00;0,00;0,00;0,00;2,75;0,00;0,00;2,99;3,02;1,26;0,69;0,00;0,75;0,76;1,00;0,92;0,91;
1.8.2015 23:00;001,2;000,0;;;;;22888;1702160;5899;190625;62;712;0;0;0;0;0;0;0;;0,75;0,75;1,00;0,00;0,00;0,00;13981,00;12381,00;13200,00;0,07;0,07;0,09;;0,75;0,75;1,00;0,00;0,00;0,00;2,75;0,00;0,00;3,00;3,03;1,27;0,69;0,00;0,75;0,76;1,00;0,92;0,91;
1.8.2015 23:15;001,2;000,0;;;;;22888;1702160;5899;190625;62;712;0;0;0;0;0;0;0;;0,75;0,75;1,00;0,00;0,00;0,00;13926,00;12345,00;13186,00;0,07;0,07;0,09;;0,75;0,75;1,00;0,00;0,00;0,00;2,75;0,00;0,00;2,99;3,02;1,25;0,69;0,00;0,75;0,76;1,00;0,92;0,91;
1.8.2015 23:30;001,2;000,0;;;;;22888;1702160;5899;190625;62;712;0;0;0;0;0;0;0;;0,75;0,75;1,00;0,00;0,00;0,00;14052,00;12436,00;13257,00;0,07;0,07;0,09;;0,75;0,75;1,00;0,00;0,00;0,00;3,00;0,00;0,00;3,01;3,04;0,52;0,75;0,00;0,75;0,76;1,00;1,00;0,99;
1.8.2015 23:45;001,2;000,0;;;;;22889;1702160;5899;190625;62;712;0;0;0;0;0;0;0;;0,75;0,75;1,00;0,00;0,00;0,00;14045,00;12422,00;13231,00;0,07;0,07;0,09;;0,75;0,75;1,00;0,00;0,00;0,00;3,00;0,00;0,00;3,01;3,04;0,50;0,75;0,00;0,75;0,76;1,00;1,00;0,99;
2.8.2015 00:00;001,2;000,0;;;;;22889;1702160;5899;190625;62;712;0;0;0;0;0;0;0;;0,75;0,75;1,00;0,00;0,00;0,00;13966,00;12429,00;13279,00;0,07;0,07;0,09;;0,75;0,75;1,00;0,00;0,00;0,00;3,00;0,00;0,00;3,01;3,04;0,48;0,75;0,00;0,75;0,76;1,00;1,00;0,99;
2.8.2015 00:15;001,2;000,0;;;;;22889;1702160;5899;190625;62;712;0;0;0;0;0;0;0;;0,75;0,75;1,00;0,00;0,00;0,00;13989,00;12443,00;13294,00;0,06;0,07;0,09;;0,75;0,75;1,00;0,00;0,00;0,00;2,75;0,00;0,00;2,94;2,99;1,16;0,69;0,00;0,74;0,75;1,00;0,93;0,92;
2.8.2015 00:30;001,1;000,0;;;;;22890;1702160;5899;190625;62;712;0;0;0;0;0;0;0;;0,75;0,75;1,00;0,00;0,00;0,00;14045,00;12462,00;13292,00;0,06;0,07;0,09;;0,75;0,75;1,00;0,00;0,00;0,00;2,75;0,00;0,00;2,95;2,99;1,18;0,69;0,00;0,74;0,75;1,00;0,93;0,92;
2.8.2015 00:45;001,2;000,0;;;;;22890;1702160;5899;190625;62;712;0;0;0;0;0;0;0;;0,75;0,75;1,00;0,00;0,00;0,00;14041,00;12420,00;13242,00;0,06;0,07;0,09;;0,75;0,75;1,00;0,00;0,00;0,00;2,75;0,00;0,00;2,94;2,98;1,16;0,69;0,00;0,73;0,75;1,00;0,94;0,92;
2.8.2015 01:00;001,1;000,0;;;;;22890;1702160;5899;190625;62;712;0;0;0;0;0;0;0;;0,75;0,75;1,00;0,00;0,00;0,00;14018,00;12400,00;13242,00;0,06;0,07;0,09;;0,75;0,75;1,00;0,00;0,00;0,00;2,75;0,00;0,00;2,94;2,98;1,15;0,69;0,00;0,73;0,75;1,00;0,94;0,92;
2.8.2015 01:15;001,2;000,0;;;;;22890;1702160;5899;190625;62;712;0;0;0;0;0;0;0;;0,75;0,75;1,00;0,00;0,00;0,00;14091,00;12501,00;13318,00;0,06;0,07;0,09;;0,75;0,75;1,00;0,00;0,00;0,00;2,75;0,00;0,00;2,95;3,00;1,20;0,69;0,00;0,74;0,75;1,00;0,93;0,92;
2.8.2015 01:30;001,1;000,0;;;;;22891;1702160;5899;190625;62;712;0;0;0;0;0;0;0;;0,75;0,75;1,00;0,00;0,00;0,00;14105,00;12498,00;13333,00;0,06;0,07;0,09;;0,75;0,75;1,00;0,00;0,00;0,00;2,75;0,00;0,00;2,96;3,00;1,20;0,69;0,00;0,74;0,75;1,00;0,93;0,92;
2.8.2015 01:45;001,2;000,0;;;;;22891;1702160;5899;190625;62;712;0;0;0;0;0;0;0;;0,75;0,75;1,00;0,00;0,00;0,00;14116,00;12510,00;13343,00;0,06;0,07;0,09;;0,75;0,75;1,00;0,00;0,00;0,00;2,75;0,00;0,00;2,96;3,00;1,21;0,69;0,00;0,74;0,75;1,00;0,93;0,92;
2.8.2015 02:00;001,2;000,0;;;;;22891;1702160;5899;190625;62;712;0;0;0;0;0;0;0;;0,75;0,75;1,00;0,00;0,00;0,00;14081,00;12494,00;13326,00;0,06;0,07;0,09;;0,75;0,75;1,00;0,00;0,00;0,00;2,75;0,00;0,00;2,95;3,00;1,20;0,69;0,00;0,74;0,75;1,00;0,93;0,92;
2.8.2015 02:15;001,1;000,0;;;;;22892;1702160;5899;190625;62;712;0;0;0;0;0;0;0;;0,75;0,75;1,00;0,00;0,00;0,00;14062,00;12501,00;13338,00;0,06;0,07;0,09;;0,75;0,75;1,00;0,00;0,00;0,00;2,75;0,00;0,00;2,95;3,00;1,20;0,69;0,00;0,74;0,75;1,00;0,93;0,92;
2.8.2015 02:30;001,2;000,0;;;;;22892;1702160;5899;190625;62;712;0;0;0;0;0;0;0;;0,75;0,75;1,00;0,00;0,00;0,00;14115,00;12516,00;13342,00;0,06;0,07;0,09;;0,75;0,75;1,00;0,00;0,00;0,00;2,75;0,00;0,00;2,96;3,00;1,21;0,69;0,00;0,74;0,75;1,00;0,93;0,92;
2.8.2015 02:45;001,1;000,0;;;;;22892;1702160;5899;190625;62;712;0;0;0;0;0;0;0;;0,50;0,50;1,00;0,00;0,00;0,00;14109,00;12534,00;13355,00;0,06;0,05;0,09;;0,75;0,50;1,00;0,56;0,00;0,00;2,50;0,00;0,56;2,67;2,73;0,96;0,62;0,00;0,67;0,68;1,00;0,94;0,91;
2.8.2015 03:00;001,0;000,0;;;;;22892;1702160;5899;190625;62;712;0;0;0;0;0;0;0;;0,50;0,50;1,00;0,00;0,00;0,00;14069,00;12534,00;13361,00;0,04;0,05;0,08;;0,50;0,50;1,00;0,00;0,00;0,00;2,25;0,00;0,00;2,39;2,49;1,07;0,56;0,00;0,60;0,62;1,00;0,94;0,90;
2.8.2015 03:15;000,9;000,0;;;;;22893;1702160;5899;190625;62;712;0;0;0;0;0;0;0;;0,50;0,50;1,00;0,00;0,00;0,00;14116,00;12524,00;13359,00;0,04;0,05;0,08;;0,50;0,50;1,00;0,00;0,00;0,00;2,25;0,00;0,00;2,39;2,49;1,08;0,56;0,00;0,60;0,62;1,00;0,94;0,90;
2.8.2015 03:30;000,9;000,0;;;;;22893;1702160;5899;190625;62;712;0;0;0;0;0;0;0;;0,50;0,50;1,00;0,00;0,00;0,00;14113,00;12532,00;13362,00;0,04;0,05;0,08;;0,50;0,50;1,00;0,00;0,00;0,00;2,25;0,00;0,00;2,39;2,49;1,08;0,56;0,00;0,60;0,62;1,00;0,94;0,90;
2.8.2015 03:45;000,9;000,0;;;;;22893;1702160;5899;190625;62;712;0;0;0;0;0;0;0;;0,50;0,50;1,00;0,00;0,00;0,00;14142,00;12551,00;13389,00;0,04;0,05;0,09;;0,50;0,50;1,00;0,00;0,00;0,00;2,25;0,00;0,00;2,43;2,54;1,19;0,56;0,00;0,61;0,64;1,00;0,93;0,88;
2.8.2015 04:00;000,9;000,0;;;;;22893;1702160;5899;190625;62;712;0;0;0;0;0;0;0;;0,50;0,50;1,00;0,00;0,00;0,00;14054,00;12456,00;13290,00;0,04;0,05;0,08;;0,50;0,50;1,00;0,00;0,00;0,00;2,00;0,00;0,00;2,38;2,48;1,47;0,50;0,00;0,59;0,62;1,00;0,84;0,81;
2.8.2015 04:15;000,9;000,0;;;;;22894;1702160;5899;190625;62;712;0;0;0;0;0;0;0;;0,50;0,50;1,00;0,00;0,00;0,00;14013,00;12424,00;13247,00;0,04;0,05;0,08;;0,50;0,50;1,00;0,00;0,00;0,00;2,00;0,00;0,00;2,34;2,45;1,42;0,50;0,00;0,58;0,61;1,00;0,86;0,82;
2.8.2015 04:30;000,9;000,0;;;;;22894;1702160;5899;190625;62;712;0;0;0;0;0;0;0;;0,50;0,50;1,00;0,00;0,00;0,00;14003,00;12444,00;13266,00;0,04;0,05;0,08;;0,50;0,50;1,00;0,00;0,00;0,00;2,00;0,00;0,00;2,37;2,48;1,46;0,50;0,00;0,59;0,62;1,00;0,84;0,81;
2.8.2015 04:45;001,1;000,0;;;;;22894;1702160;5899;190625;62;712;0;0;0;0;0;0;0;;0,75;2,00;1,50;0,00;0,00;0,50;13869,00;12499,00;13368,00;0,08;0,18;0,13;;1,00;2,00;1,75;0,66;0,00;0,75;4,75;0,50;1,41;5,03;5,36;1,97;1,19;0,12;1,26;1,34;0,99;0,94;0,89;
2.8.2015 05:00;001,1;000,0;;;;;22894;1702160;5899;190625;62;712;0;0;0;0;0;0;0;;0,25;0,50;1,00;0,00;0,00;0,00;13841,00;12547,00;13408,00;0,04;0,05;0,08;;0,50;0,50;1,00;0,43;0,00;0,00;2,00;0,00;0,43;2,38;2,48;1,40;0,50;0,00;0,60;0,62;1,00;0,84;0,81;
2.8.2015 05:15;000,8;000,0;;;;;22895;1702160;5900;190625;62;712;0;0;0;0;0;0;0;;-0,75;0,25;1,75;8,75;6,50;8,75;13872,00;12541,00;13401,00;0,65;0,54;0,68;;9,00;6,75;9,00;1,97;1,80;1,17;1,25;24,25;4,94;24,90;24,95;2,88;0,31;6,06;6,22;6,24;0,85;0,05;0,05;
2.8.2015 05:30;000,3;000,0;;;;;22895;1702160;5902;190625;62;712;0;0;0;0;0;0;0;;-0,50;-0,25;0,25;1,00;0,00;0,75;13889,00;12558,00;13417,00;0,12;0,09;0,10;;1,50;1,00;1,25;1,00;0,97;0,97;-0,75;2,00;2,94;4,24;4,26;2,22;-0,19;0,50;1,06;1,06;-0,89;-0,18;-0,18;
2.8.2015 05:45;000,0;002,8;;;;;22895;1702161;5902;190626;62;712;0;0;0;0;0;0;0;;-4,75;-4,00;-3,50;1,00;0,00;1,25;13926,00;12574,00;13448,00;0,36;0,33;0,31;;5,00;4,00;4,00;1,20;0,00;1,48;-12,50;2,25;2,68;13,30;13,32;3,01;-3,12;0,56;3,32;3,33;0,98;-0,94;-0,94;
2.8.2015 06:00;000,0;005,9;;;;;22895;1702162;5902;190626;62;712;0;0;0;0;0;0;0;;-5,75;-5,00;-4,50;1,00;0,00;1,25;13895,00;12568,00;13425,00;0,44;0,41;0,38;;6,00;5,00;5,00;1,39;0,00;1,79;-15,50;2,50;3,18;16,27;16,30;3,02;-3,88;0,62;4,07;4,08;0,99;-0,95;-0,95;
2.8.2015 06:15;000,0;008,3;;;;;22895;1702165;5902;190626;62;712;0;0;0;0;0;0;0;;-9,00;-7,75;-7,75;1,00;0,00;1,50;13892,00;12548,00;13402,00;0,67;0,63;0,61;;9,00;7,75;8,00;nan;0,00;1,30;-24,75;2,75;nan;25,35;25,37;NaN;-6,19;0,69;6,34;6,34;0,99;-0,98;-0,98;
2.8.2015 06:30;000,0;012,1;;;;;22895;1702168;5902;190626;62;712;0;0;0;0;0;0;0;;-13,50;-11,75;-12,00;1,00;0,50;2,00;13883,00;12550,00;13403,00;0,98;0,95;0,93;;13,50;11,75;12,25;nan;nan;1,44;-37,50;3,50;nan;37,96;37,99;NaN;-9,38;0,88;9,49;9,50;1,00;-0,99;-0,99;
2.8.2015 06:45;000,0;020,4;;;;;22895;1702173;5902;190627;62;712;0;0;0;0;0;0;0;;-24,00;-21,25;-22,25;1,25;0,75;3,25;13896,00;12546,00;13393,00;1,75;1,71;1,69;;24,25;21,25;22,50;3,24;nan;0,79;-67,75;5,50;nan;68,37;68,42;NaN;-16,94;1,38;17,09;17,10;1,00;-0,99;-0,99;
2.8.2015 07:00;000,0;030,3;;;;;22895;1702180;5902;190627;62;712;0;0;0;0;0;0;0;;-29,25;-26,00;-27,25;1,50;1,00;4,00;13857,00;12539,00;13388,00;2,12;2,09;2,06;;29,25;26,00;27,50;nan;nan;nan;-82,50;6,50;nan;83,10;83,16;NaN;-20,62;1,62;20,77;20,79;1,00;-0,99;-0,99;
2.8.2015 07:15;000,0;034,3;;;;;22895;1702189;5902;190628;62;712;0;0;0;0;0;0;0;;-28,25;-25,25;-26,50;1,50;1,00;3,75;13838,00;12516,00;13360,00;2,06;2,03;2,01;;28,25;25,25;26,75;nan;nan;nan;-80,25;6,50;nan;80,63;80,69;NaN;-20,06;1,62;20,16;20,17;1,00;-1,00;-0,99;
2.8.2015 07:30;000,0;037,0;;;;;22895;1702198;5902;190629;62;712;0;0;0;0;0;0;0;;-41,50;-37,00;-39,00;2,25;2,00;5,75;13834,00;12512,00;13355,00;3,01;2,98;2,96;;41,50;37,25;39,50;nan;3,82;2,49;-117,75;10,25;nan;118,49;118,58;NaN;-29,44;2,56;29,62;29,64;1,00;-0,99;-0,99;
2.8.2015 07:45;000,0;053,1;;;;;22895;1702212;5902;190630;62;712;0;0;0;0;0;0;0;;-45,00;-40,25;-42,25;2,50;2,25;6,50;13831,00;12505,00;13339,00;3,26;3,23;3,21;;45,00;40,25;42,75;nan;nan;0,50;-127,50;11,25;nan;128,30;128,40;NaN;-31,88;2,81;32,08;32,10;1,00;-0,99;-0,99;
2.8.2015 08:00;000,0;038,7;;;;;22895;1702221;5902;190631;62;712;0;0;0;0;0;0;0;;-19,25;-17,00;-17,50;1,00;0,50;2,75;13778,00;12469,00;13306,00;1,41;1,38;1,35;;19,50;17,00;18,00;2,95;nan;3,19;-54,25;4,50;nan;54,67;54,70;NaN;-13,56;1,12;13,67;13,68;1,00;-0,99;-0,99;
2.8.2015 08:15;000,0;013,4;;;;;22895;1702224;5902;190631;62;712;0;0;0;0;0;0;0;;-10,50;-9,00;-9,00;1,00;0,00;1,75;13783,00;12459,00;13283,00;0,77;0,73;0,71;;10,50;9,00;9,25;nan;0,00;1,22;-28,50;2,75;nan;29,04;29,06;NaN;-7,12;0,69;7,26;7,27;1,00;-0,98;-0,98;
2.8.2015 08:30;000,0;012,9;;;;;22895;1702228;5902;190632;62;712;0;0;0;0;0;0;0;;-15,25;-13,50;-13,75;1,00;0,00;2,25;13734,00;12442,00;13270,00;1,12;1,10;1,06;;15,25;13,50;14,00;nan;0,00;1,37;-42,75;3,50;nan;43,11;43,14;NaN;-10,69;0,88;10,78;10,79;1,00;-0,99;-0,99;
2.8.2015 08:45;000,0;033,9;;;;;22895;1702236;5902;190632;62;712;0;0;0;0;0;0;0;;-44,50;-40,00;-41,75;2,75;2,25;6,25;13766,00;12475,00;13295,00;3,24;3,22;3,19;;44,50;40,00;42,25;nan;nan;1,71;-126,50;11,50;nan;127,28;127,38;NaN;-31,62;2,88;31,82;31,85;1,00;-0,99;-0,99;
2.8.2015 09:00;000,0;060,0;;;;;22895;1702251;5902;190634;62;712;0;0;0;0;0;0;0;;-68,25;-61,75;-65,25;3,75;4,00;9,50;13783,00;12473,00;13312,00;4,98;4,96;4,97;;68,50;61,75;66,00;4,49;nan;2,86;-195,50;17,50;nan;196,69;196,85;NaN;-48,88;4,38;49,17;49,21;1,00;-0,99;-0,99;
2.8.2015 09:15;000,0;092,0;;;;;22895;1702274;5902;190636;62;712;0;0;0;0;0;0;0;;-75,25;-68,00;-71,75;4,25;4,50;10,75;13749,00;12456,00;13301,00;5,49;5,47;5,47;;75,25;68,00;72,75;nan;nan;5,38;-215,00;20,00;nan;216,34;216,51;NaN;-53,75;5,00;54,08;54,13;1,00;-0,99;-0,99;
2.8.2015 09:30;000,0;102,7;;;;;22895;1702300;5902;190639;62;712;0;0;0;0;0;0;0;;-131,25;-118,50;-125,50;9,25;9,50;20,25;13801,00;12486,00;13335,00;9,54;9,54;9,54;;131,50;119,00;127,25;nan;5,34;5,68;-375,50;39,25;nan;377,96;378,28;NaN;-93,88;9,81;94,49;94,57;0,99;-0,99;-0,99;
2.8.2015 09:45;000,0;166,7;;;;;22895;1702342;5902;190643;62;712;0;0;0;0;0;0;0;;-160,25;-144,75;-154,00;11,00;12,25;25,00;13794,00;12497,00;13314,00;11,66;11,64;11,73;;160,75;145,25;156,00;6,28;nan;nan;-459,25;48,75;nan;462,41;462,77;NaN;-114,81;12,19;115,60;115,69;0,99;-0,99;-0,99;
2.8.2015 10:00;000,0;111,1;;;;;22895;1702370;5902;190646;62;712;0;0;0;0;0;0;0;;-167,75;-151,50;-160,50;14,00;15,00;28,50;13804,00;12531,00;13335,00;12,20;12,16;12,08;;168,50;152,50;163,00;7,50;8,89;nan;-480,00;57,75;nan;481,91;482,28;NaN;-120,00;14,44;120,48;120,57;0,99;-1,00;-1,00;
2.8.2015 10:15;000,0;153,9;;;;;22895;1702409;5902;190650;62;712;0;0;0;0;0;0;0;;-218,50;-197,00;-209,00;19,25;20,75;38,50;13828,00;12528,00;13359,00;15,88;15,82;15,92;;219,50;198,25;212,50;8,21;7,97;nan;-624,75;78,75;nan;630,48;630,96;NaN;-156,19;19,69;157,62;157,74;0,99;-0,99;-0,99;
2.8.2015 10:30;000,0;174,3;;;;;22895;1702452;5902;190655;62;712;0;0;0;0;0;0;0;;-98,25;-88,25;-94,25;5,25;6,25;14,25;13776,00;12467,00;13286,00;7,16;7,12;7,20;;98,50;88,75;95,50;4,65;7,03;5,84;-281,25;26,00;17,52;283,06;283,27;12,50;-70,31;6,50;70,77;70,82;1,00;-0,99;-0,99;
2.8.2015 10:45;000,0;120,5;;;;;22895;1702482;5902;190657;62;712;0;0;0;0;0;0;0;;-121,75;-109,75;-117,00;6,75;8,25;18,00;13770,00;12473,00;13303,00;8,88;8,84;8,92;;122,00;110,25;118,50;3,92;6,48;5,41;-349,00;33,25;15,81;351,10;351,36;17,30;-87,25;8,31;87,78;87,84;1,00;-0,99;-0,99;
2.8.2015 11:00;000,0;147,7;;;;;22895;1702519;5902;190661;62;712;0;0;0;0;0;0;0;;-140,50;-126,50;-134,75;8,75;9,75;21,50;13780,00;12454,00;13303,00;10,23;10,21;10,28;;140,75;127,00;136,50;nan;5,63;3,53;-402,00;40,25;nan;404,71;405,05;NaN;-100,50;10,06;101,18;101,26;0,99;-0,99;-0,99;
2.8.2015 11:15;000,0;184,8;;;;;22895;1702565;5902;190666;62;712;0;0;0;0;0;0;0;;-131,75;-118,75;-126,75;8,00;9,25;19,75;13751,00;12452,00;13292,00;9,61;9,58;9,65;;132,00;119,25;128,25;1,39;5,78;nan;-377,50;37,00;nan;379,77;380,06;NaN;-94,38;9,25;94,94;95,02;1,00;-0,99;-0,99;
2.8.2015 11:30;000,0;167,9;;;;;22895;1702607;5902;190671;62;712;0;0;0;0;0;0;0;;-88,50;-79,75;-85,00;5,00;5,75;12,75;13737,00;12422,00;13276,00;6,46;6,46;6,49;;88,75;80,00;86,25;4,39;2,62;7,18;-253,75;23,50;14,19;255,18;255,40;9,22;-63,44;5,88;63,80;63,85;1,00;-0,99;-0,99;
2.8.2015 11:45;000,0;106,8;;;;;22895;1702634;5902;190673;62;712;0;0;0;0;0;0;0;;-132,50;-119,50;-126,75;9,50;10,00;20,75;13759,00;12444,00;13287,00;9,66;9,64;9,69;;132,75;120,00;128,50;nan;4,44;4,02;-379,00;40,50;nan;381,66;381,96;NaN;-94,75;10,12;95,41;95,49;0,99;-0,99;-0,99;
2.8.2015 12:00;000,0;153,9;;;;;22895;1702672;5902;190677;62;712;0;0;0;0;0;0;0;;-148,50;-134,00;-142,25;11,50;12,25;24,00;13766,00;12460,00;13302,00;10,82;10,82;10,86;;149,00;134,75;144,25;4,06;7,18;nan;-425,00;48,25;nan;428,20;428,55;NaN;-106,25;12,06;107,05;107,14;0,99;-0,99;-0,99;
2.8.2015 12:15;000,0;180,3;;;;;22895;1702717;5902;190682;62;712;0;0;0;0;0;0;0;;-115,00;-103,50;-110,50;6,50;7,75;17,00;13769,00;12420,00;13265,00;8,38;8,37;8,44;;115,25;103,75;111,75;3,91;nan;nan;-329,25;31,50;nan;331,23;331,51;NaN;-82,31;7,88;82,81;82,88;1,00;-0,99;-0,99;
2.8.2015 12:30;000,0;164,6;;;;;22895;1702759;5902;190687;62;712;0;0;0;0;0;0;0;;-218,00;-196,50;-208,00;19,75;20,50;38,25;13848,00;12505,00;13342,00;15,82;15,80;15,87;;219,00;197,50;211,50;6,85;nan;2,28;-622,75;78,75;nan;628,42;628,96;NaN;-155,69;19,69;157,11;157,24;0,99;-0,99;-0,99;
2.8.2015 12:45;000,0;165,8;;;;;22895;1702800;5902;190691;62;712;0;0;0;0;0;0;0;;-88,75;-80,50;-86,00;5,00;6,00;12,50;13713,00;12431,00;13270,00;6,50;6,51;6,56;;89,00;80,75;87,00;4,41;2,08;4,09;-255,50;23,75;10,58;257,14;257,36;16,61;-63,88;5,94;64,29;64,34;1,00;-0,99;-0,99;
2.8.2015 13:00;000,0;060,8;;;;;22895;1702815;5902;190692;62;712;0;0;0;0;0;0;0;;-31,25;-28,25;-29,75;1,75;1,50;4,00;13726,00;12415,00;13264,00;2,30;2,29;2,27;;31,50;28,25;30,00;3,55;nan;nan;-89,50;7,50;nan;90,11;90,18;NaN;-22,38;1,88;22,53;22,55;1,00;-0,99;-0,99;
2.8.2015 13:15;000,0;036,5;;;;;22895;1702824;5902;190693;62;712;0;0;0;0;0;0;0;;-40,25;-36,50;-38,25;2,50;2,25;5,50;13708,00;12418,00;13237,00;2,95;2,95;2,93;;40,25;36,50;38,75;nan;nan;2,87;-115,00;10,50;nan;115,82;115,92;NaN;-28,75;2,62;28,96;28,98;1,00;-0,99;-0,99;
2.8.2015 13:30;000,0;042,8;;;;;22895;1702835;5902;190694;62;712;0;0;0;0;0;0;0;;-37,00;-33,50;-35,25;2,00;2,00;5,00;13722,00;12404,00;13245,00;2,72;2,71;2,70;;37,25;33,50;35,75;3,82;nan;3,24;-106,00;9,25;nan;106,67;106,75;NaN;-26,50;2,31;26,67;26,69;1,00;-0,99;-0,99;
2.8.2015 13:45;000,0;046,8;;;;;22895;1702846;5902;190695;62;712;0;0;0;0;0;0;0;;-39,50;-35,50;-37,50;2,25;2,25;5,50;13755,00;12423,00;13274,00;2,89;2,88;2,87;;39,75;35,75;38,00;3,84;3,57;2,74;-112,75;10,00;10,15;113,60;113,69;3,10;-28,19;2,50;28,40;28,42;1,00;-0,99;-0,99;
2.8.2015 14:00;000,0;071,2;;;;;22895;1702864;5902;190697;62;712;0;0;0;0;0;0;0;;-67,75;-61,50;-65,00;4,00;4,25;9,25;13755,00;12463,00;13312,00;4,94;4,95;4,95;;67,75;61,75;65,75;nan;3,57;3,54;-194,50;17,75;nan;195,70;195,87;NaN;-48,62;4,44;48,92;48,97;1,00;-0,99;-0,99;
2.8.2015 14:15;000,0;087,3;;;;;22895;1702886;5902;190699;62;712;0;0;0;0;0;0;0;;-94,25;-85,00;-90,25;6,25;6,75;14,25;13803,00;12467,00;13315,00;6,86;6,85;6,87;;94,50;85,25;91,25;2,85;nan;nan;-269,50;27,50;nan;271,39;271,63;NaN;-67,38;6,88;67,85;67,91;0,99;-0,99;-0,99;
2.8.2015 14:30;000,0;093,4;;;;;22895;1702909;5902;190701;62;712;0;0;0;0;0;0;0;;-75,25;-67,75;-71,75;4,50;4,50;10,75;13791,00;12461,00;13300,00;5,48;5,46;5,47;;75,50;68,00;72,75;4,18;3,70;5,38;-215,00;20,00;13,25;216,26;216,44;6,70;-53,75;5,00;54,07;54,11;1,00;-0,99;-0,99;
2.8.2015 14:45;000,0;082,7;;;;;22895;1702930;5902;190703;62;712;0;0;0;0;0;0;0;;-57,50;-52,00;-55,00;3,00;3,25;8,00;13768,00;12453,00;13281,00;4,20;4,20;4,20;;57,75;52,25;55,75;4,45;3,94;4,37;-165,00;14,50;12,75;165,98;166,12;NaN;-41,25;3,62;41,49;41,53;1,00;-0,99;-0,99;
2.8.2015 15:00;000,0;053,3;;;;;22895;1702943;5902;190704;62;712;0;0;0;0;0;0;0;;-43,25;-39,00;-41,00;2,75;2,50;6,00;13768,00;12446,00;13299,00;3,15;3,14;3,13;;43,25;39,00;41,50;nan;nan;2,29;-123,25;11,50;nan;124,04;124,15;NaN;-30,81;2,88;31,01;31,04;1,00;-0,99;-0,99;
2.8.2015 15:15;000,0;047,1;;;;;22895;1702955;5902;190706;62;712;0;0;0;0;0;0;0;;-40,75;-36,75;-38,75;2,25;2,25;5,75;13781,00;12461,00;13299,00;2,97;2,96;2,95;;40,75;36,75;39,25;nan;nan;2,44;-116,25;10,50;nan;116,98;117,08;NaN;-29,06;2,62;29,25;29,27;1,00;-0,99;-0,99;
2.8.2015 15:30;000,0;044,6;;;;;22895;1702966;5902;190707;62;712;0;0;0;0;0;0;0;;-33,75;-30,50;-32,00;1,75;1,75;4,50;13735,00;12436,00;13284,00;2,47;2,46;2,45;;33,75;30,50;32,50;nan;nan;3,46;-96,50;8,25;nan;97,16;97,24;NaN;-24,12;2,06;24,29;24,31;1,00;-0,99;-0,99;
2.8.2015 15:45;000,0;023,5;;;;;22895;1702972;5902;190707;62;712;0;0;0;0;0;0;0;;-11,25;-10,00;-10,50;1,00;0,75;1,75;13713,00;12420,00;13247,00;0,84;0,83;0,81;;11,50;10,25;10,75;2,17;2,12;1,50;-32,00;3,75;5,79;32,56;32,58;NaN;-8,00;0,94;8,14;8,15;0,99;-0,98;-0,98;
2.8.2015 16:00;000,0;031,5;;;;;22895;1702980;5902;190708;62;712;0;0;0;0;0;0;0;;-64,25;-57,75;-61,25;3,25;3,50;9,00;13802,00;12452,00;13269,00;4,68;4,66;4,68;;64,50;58,00;62,00;4,65;4,09;3,38;-183,50;16,00;12,12;184,62;184,77;8,05;-45,88;4,00;46,15;46,19;1,00;-0,99;-0,99;
2.8.2015 16:15;000,0;123,1;;;;;22895;1703011;5902;190711;62;712;0;0;0;0;0;0;0;;-161,75;-146,00;-154,50;13,25;14,00;27,00;13836,00;12517,00;13313,00;11,74;11,73;11,79;;162,25;146,75;156,75;nan;4,85;nan;-462,50;54,50;nan;466,19;466,57;NaN;-115,62;13,62;116,55;116,64;0,99;-0,99;-0,99;
2.8.2015 16:30;000,0;192,3;;;;;22895;1703059;5902;190716;62;712;0;0;0;0;0;0;0;;-168,75;-151,75;-161,75;11,75;13,50;26,75;13856,00;12490,00;13363,00;12,21;12,21;12,29;;169,00;152,25;164,25;nan;nan;9,97;-482,50;52,25;nan;485,95;486,38;NaN;-120,62;13,06;121,49;121,60;0,99;-0,99;-0,99;
2.8.2015 16:45;000,0;191,3;;;;;22895;1703107;5902;190722;62;712;0;0;0;0;0;0;0;;-165,25;-149,00;-158,75;11,50;13,00;26,00;13837,00;12534,00;13369,00;11,98;11,95;12,05;;165,75;149,75;161,00;5,77;7,42;6,59;-473,25;50,75;19,78;476,58;476,95;23,35;-118,31;12,69;119,15;119,24;0,99;-0,99;-0,99;
2.8.2015 17:00;000,0;125,5;;;;;22895;1703138;5902;190725;62;712;0;0;0;0;0;0;0;;-131,50;-118,75;-126,00;9,00;10,00;20,50;13818,00;12504,00;13344,00;9,56;9,54;9,59;;132,00;119,25;127,75;7,12;4,36;4,88;-376,75;39,75;16,36;379,32;379,63;18,12;-94,19;9,94;94,83;94,91;0,99;-0,99;-0,99;
2.8.2015 17:15;000,0;124,9;;;;;22895;1703169;5902;190728;62;712;0;0;0;0;0;0;0;;-102,75;-92,75;-98,75;6,00;6,75;15,00;13835,00;12501,00;13372,00;7,46;7,44;7,49;;103,00;93,00;100,00;3,93;0,94;4,84;-294,50;28,00;9,71;296,43;296,68;20,26;-73,62;7,00;74,11;74,17;1,00;-0,99;-0,99;
2.8.2015 17:30;000,0;112,6;;;;;22895;1703198;5902;190730;62;712;0;0;0;0;0;0;0;;-92,50;-83,50;-88,75;5,25;5,75;13,25;13828,00;12501,00;13342,00;6,72;6,71;6,74;;92,75;83,75;89,75;4,33;2,96;1,71;-265,00;24,50;9,00;266,73;266,95;18,88;-66,25;6,12;66,68;66,74;1,00;-0,99;-0,99;
2.8.2015 17:45;000,0;094,4;;;;;22895;1703221;5902;190732;62;712;0;0;0;0;0;0;0;;-72,25;-65,25;-69,75;3,75;4,75;10,00;13781,00;12487,00;13343,00;5,26;5,26;5,30;;72,50;65,50;70,50;4,70;3,18;2,28;-207,50;18,75;10,16;208,92;209,09;14,39;-51,88;4,69;52,23;52,27;1,00;-0,99;-0,99;
2.8.2015 18:00;000,0;076,0;;;;;22895;1703240;5902;190734;62;712;0;0;0;0;0;0;0;;-60,25;-54,25;-57,50;3,25;3,50;8,25;13807,00;12493,00;13347,00;4,38;4,37;4,37;;60,25;54,50;58,25;nan;3,86;4,33;-172,25;15,25;nan;173,30;173,44;NaN;-43,06;3,81;43,32;43,36;1,00;-0,99;-0,99;
2.8.2015 18:15;000,0;060,4;;;;;22895;1703255;5902;190736;62;712;0;0;0;0;0;0;0;;-46,50;-42,00;-44,50;2,50;2,75;6,50;13742,00;12433,00;13283,00;3,40;3,39;3,40;;46,75;42,00;45,00;4,13;nan;1,58;-133,25;11,75;nan;134,20;134,30;NaN;-33,31;2,94;33,55;33,58;1,00;-0,99;-0,99;
2.8.2015 18:30;000,0;045,4;;;;;22895;1703266;5902;190737;62;712;0;0;0;0;0;0;0;;-33,50;-30,25;-32,00;1,75;1,75;4,50;13698,00;12387,00;13235,00;2,47;2,46;2,44;;33,75;30,50;32,25;3,71;3,48;nan;-96,00;8,25;nan;96,66;96,75;NaN;-24,00;2,06;24,17;24,19;1,00;-0,99;-0,99;
2.8.2015 18:45;000,0;032,8;;;;;22895;1703274;5902;190737;62;712;0;0;0;0;0;0;0;;-23,50;-21,00;-22,25;1,25;1,00;3,25;13681,00;12374,00;13216,00;1,74;1,72;1,71;;23,50;21,25;22,50;nan;3,09;0,79;-67,25;5,50;nan;67,69;67,74;NaN;-16,81;1,38;16,92;16,93;1,00;-0,99;-0,99;
2.8.2015 19:00;000,0;021,3;;;;;22895;1703280;5902;190738;62;712;0;0;0;0;0;0;0;;-14,75;-13,00;-13,50;1,00;0,75;2,25;13709,00;12380,00;13221,00;1,08;1,07;1,06;;14,75;13,00;13,75;nan;nan;1,32;-41,50;4,00;nan;42,10;42,13;NaN;-10,38;1,00;10,53;10,53;1,00;-0,99;-0,98;
2.8.2015 19:15;000,0;013,1;;;;;22895;1703283;5902;190738;62;712;0;0;0;0;0;0;0;;-9,00;-8,00;-8,25;0,75;0,50;1,50;13736,00;12377,00;13232,00;0,67;0,66;0,64;;9,00;8,00;8,50;nan;nan;1,39;-25,25;3,25;nan;25,77;25,80;NaN;-6,31;0,81;6,44;6,45;0,99;-0,98;-0,98;
2.8.2015 19:30;000,0;007,9;;;;;22895;1703285;5902;190738;62;712;0;0;0;0;0;0;0;;-4,25;-3,75;-3,75;1,00;0,75;1,25;13691,00;12364,00;13225,00;0,33;0,32;0,31;;4,50;4,00;4,00;1,09;1,17;0,61;-11,75;3,00;2,87;12,70;12,71;2,51;-2,94;0,75;3,18;3,18;0,97;-0,93;-0,92;
2.8.2015 19:45;000,0;002,9;;;;;22895;1703286;5902;190739;62;712;0;0;0;0;0;0;0;;-0,75;-0,75;-0,25;1,00;0,50;0,75;13687,00;12364,00;13230,00;0,13;0,11;0,10;;1,75;1,25;1,25;1,22;0,87;0,97;-2,00;2,50;3,06;4,56;4,58;1,17;-0,50;0,62;1,14;1,15;0,32;-0,44;-0,44;
2.8.2015 20:00;000,2;000,2;;;;;22895;1703286;5902;190739;62;712;0;0;0;0;0;0;0;;0,25;0,25;0,75;1,00;0,50;0,75;13629,00;12336,00;13195,00;0,11;0,09;0,12;;1,25;1,00;1,50;0,71;0,83;1,06;1,50;2,50;2,60;4,15;4,16;1,44;0,38;0,62;1,04;1,04;-0,10;0,36;0,36;
2.8.2015 20:15;000,9;000,0;;;;;22895;1703286;5903;190739;62;712;0;0;0;0;0;0;0;;0,75;0,75;1,00;0,00;0,00;0,00;13654,00;12324,00;13170,00;0,07;0,07;0,09;;0,75;0,75;1,00;0,00;0,00;0,00;2,75;0,00;0,00;2,97;3,00;1,19;0,69;0,00;0,74;0,75;1,00;0,93;0,92;
2.8.2015 20:30;001,1;000,0;;;;;22895;1703286;5903;190739;62;712;0;0;0;0;0;0;0;;0,75;0,75;1,00;0,00;0,00;0,00;13599,00;12276,00;13139,00;0,07;0,07;0,09;;0,75;0,75;1,00;0,00;0,00;0,00;2,75;0,00;0,00;2,90;2,92;0,98;0,69;0,00;0,72;0,73;1,00;0,95;0,94;
2.8.2015 20:45;001,2;000,0;;;;;22895;1703286;5903;190739;62;712;0;0;0;0;0;0;0;;0,75;0,75;1,00;0,00;0,00;0,00;13545,00;12246,00;13102,00;0,07;0,07;0,09;;0,75;0,75;1,00;0,00;0,00;0,00;2,75;0,00;0,00;2,89;2,91;0,95;0,69;0,00;0,72;0,73;1,00;0,95;0,94;
2.8.2015 21:00;001,2;000,0;;;;;22896;1703286;5903;190739;62;712;0;0;0;0;0;0;0;;0,75;0,75;1,00;0,00;0,00;0,00;13562,00;12262,00;13126,00;0,07;0,07;0,09;;0,75;0,75;1,00;0,00;0,00;0,00;2,75;0,00;0,00;2,89;2,91;0,97;0,69;0,00;0,72;0,73;1,00;0,95;0,94;
2.8.2015 21:15;001,1;000,0;;;;;22896;1703286;5903;190739;62;712;0;0;0;0;0;0;0;;0,75;0,75;1,00;0,00;0,00;0,00;13631,00;12293,00;13149,00;0,07;0,07;0,09;;0,75;0,75;1,00;0,00;0,00;0,00;2,75;0,00;0,00;2,90;2,92;0,99;0,69;0,00;0,73;0,73;1,00;0,95;0,94;
2.8.2015 21:30;001,2;000,0;;;;;22896;1703286;5903;190739;62;712;0;0;0;0;0;0;0;;0,75;0,75;1,00;0,00;0,00;0,00;13648,00;12303,00;13157,00;0,07;0,07;0,09;;0,75;0,75;1,00;0,00;0,00;0,00;2,75;0,00;0,00;2,90;2,93;1,00;0,69;0,00;0,73;0,73;1,00;0,95;0,94;
2.8.2015 21:45;001,2;000,0;;;;;22897;1703286;5903;190739;62;712;0;0;0;0;0;0;0;;0,75;0,75;1,00;0,00;0,00;0,00;13670,00;12351,00;13208,00;0,07;0,07;0,09;;0,75;0,75;1,00;0,00;0,00;0,00;2,75;0,00;0,00;2,98;3,00;1,21;0,69;0,00;0,74;0,75;1,00;0,92;0,92;
2.8.2015 22:00;001,1;000,0;;;;;22897;1703286;5903;190739;62;712;0;0;0;0;0;0;0;;0,75;0,75;1,00;0,00;0,00;0,00;13632,00;12337,00;13193,00;0,07;0,07;0,09;;0,75;0,75;1,00;0,00;0,00;0,00;2,75;0,00;0,00;2,94;2,97;1,12;0,69;0,00;0,74;0,74;1,00;0,94;0,93;
2.8.2015 22:15;001,2;000,0;;;;;22897;1703286;5903;190739;62;712;0;0;0;0;0;0;0;;0,75;0,75;1,00;0,00;0,00;0,00;13680,00;12330,00;13190,00;0,07;0,07;0,09;;0,75;0,75;1,00;0,00;0,00;0,00;2,75;0,00;0,00;2,94;2,97;1,13;0,69;0,00;0,74;0,74;1,00;0,93;0,93;
2.8.2015 22:30;001,2;000,0;;;;;22898;1703286;5903;190739;62;712;0;0;0;0;0;0;0;;0,75;0,75;1,00;0,00;0,00;0,00;13697,00;12335,00;13203,00;0,07;0,07;0,09;;0,75;0,75;1,00;0,00;0,00;0,00;2,75;0,00;0,00;3,01;3,03;1,28;0,69;0,00;0,75;0,76;1,00;0,91;0,91;
2.8.2015 22:45;001,2;000,0;;;;;22898;1703286;5903;190739;62;712;0;0;0;0;0;0;0;;0,75;0,75;1,00;0,00;0,00;0,00;13675,00;12356,00;13223,00;0,07;0,07;0,09;;0,75;0,75;1,00;0,00;0,00;0,00;2,75;0,00;0,00;2,98;3,01;1,21;0,69;0,00;0,74;0,75;1,00;0,92;0,91;
2.8.2015 23:00;001,1;000,0;;;;;22898;1703286;5903;190739;62;712;0;0;0;0;0;0;0;;0,75;0,75;1,00;0,00;0,00;0,00;13694,00;12360,00;13223,00;0,07;0,07;0,09;;0,75;0,75;1,00;0,00;0,00;0,00;2,75;0,00;0,00;2,98;3,01;1,22;0,69;0,00;0,74;0,75;1,00;0,92;0,91;
2.8.2015 23:15;001,2;000,0;;;;;22898;1703286;5903;190739;62;712;0;0;0;0;0;0;0;;0,75;0,75;1,00;0,00;0,00;0,00;13715,00;12350,00;13223,00;0,07;0,07;0,09;;0,75;0,75;1,00;0,00;0,00;0,00;2,75;0,00;0,00;2,98;3,01;1,22;0,69;0,00;0,75;0,75;1,00;0,92;0,91;
2.8.2015 23:30;001,2;000,0;;;;;22899;1703286;5903;190739;62;712;0;0;0;0;0;0;0;;0,75;0,75;1,00;0,00;0,00;0,00;13721,00;12352,00;13206,00;0,07;0,07;0,09;;0,75;0,75;1,00;0,00;0,00;0,00;2,75;0,00;0,00;2,98;3,01;1,22;0,69;0,00;0,74;0,75;1,00;0,92;0,91;
2.8.2015 23:45;001,2;000,0;;;;;22899;1703286;5903;190739;62;712;0;0;0;0;0;0;0;;0,75;0,75;1,00;0,00;0,00;0,00;13727,00;12352,00;13215,00;0,07;0,07;0,09;;0,75;0,75;1,00;0,00;0,00;0,00;2,75;0,00;0,00;2,98;3,01;1,22;0,69;0,00;0,75;0,75;1,00;0,92;0,91;
3.8.2015 00:00;001,2;000,0;;;;;22899;1703286;5903;190739;62;712;0;0;0;0;0;0;0;;0,75;0,75;1,00;0,00;0,00;0,00;13745,00;12398,00;13251,00;0,07;0,07;0,09;;0,75;0,75;1,00;0,00;0,00;0,00;2,75;0,00;0,00;2,99;3,02;1,24;0,69;0,00;0,75;0,75;1,00;0,92;0,91;
3.8.2015 00:15;001,2;000,0;;;;;22900;1703286;5903;190739;62;712;0;0;0;0;0;0;0;;0,75;0,75;1,00;0,00;0,00;0,00;13682,00;12359,00;13190,00;0,07;0,07;0,09;;0,75;0,75;1,00;0,00;0,00;0,00;2,75;0,00;0,00;2,98;3,00;1,21;0,69;0,00;0,74;0,75;1,00;0,92;0,92;
3.8.2015 00:30;001,1;000,0;;;;;22900;1703286;5903;190739;62;712;0;0;0;0;0;0;0;;0,75;0,75;1,00;0,00;0,00;0,00;13762,00;12372,00;13211,00;0,07;0,07;0,09;;0,75;0,75;1,00;0,00;0,00;0,00;2,75;0,00;0,00;2,98;3,01;1,23;0,69;0,00;0,75;0,75;1,00;0,92;0,91;
3.8.2015 00:45;001,2;000,0;;;;;22900;1703286;5903;190739;62;712;0;0;0;0;0;0;0;;0,75;0,75;1,00;0,00;0,00;0,00;13737,00;12350,00;13212,00;0,07;0,07;0,09;;0,75;0,75;1,00;0,00;0,00;0,00;2,75;0,00;0,00;2,98;3,01;1,22;0,69;0,00;0,75;0,75;1,00;0,92;0,91;
3.8.2015 01:00;001,2;000,0;;;;;22900;1703286;5903;190739;62;712;0;0;0;0;0;0;0;;0,75;0,75;1,00;0,00;0,00;0,00;13763,00;12386,00;13251,00;0,06;0,07;0,09;;0,75;0,75;1,00;0,00;0,00;0,00;2,75;0,00;0,00;2,86;2,89;0,89;0,69;0,00;0,71;0,72;1,00;0,96;0,95;
3.8.2015 01:15;001,1;000,0;;;;;22901;1703286;5903;190739;62;712;0;0;0;0;0;0;0;;0,75;0,75;1,00;0,00;0,00;0,00;13784,00;12395,00;13262,00;0,06;0,07;0,09;;0,75;0,75;1,00;0,00;0,00;0,00;2,75;0,00;0,00;2,82;2,87;0,81;0,69;0,00;0,71;0,72;1,00;0,97;0,96;
3.8.2015 01:30;001,2;000,0;;;;;22901;1703286;5903;190739;62;712;0;0;0;0;0;0;0;;0,75;0,75;1,00;0,00;0,00;0,00;13803,00;12416,00;13296,00;0,06;0,07;0,09;;0,75;0,75;1,00;0,00;0,00;0,00;2,75;0,00;0,00;2,86;2,90;0,92;0,69;0,00;0,72;0,72;1,00;0,96;0,95;
3.8.2015 01:45;001,1;000,0;;;;;22901;1703286;5903;190739;62;712;0;0;0;0;0;0;0;;0,75;0,75;1,00;0,00;0,00;0,00;13782,00;12406,00;13275,00;0,06;0,07;0,09;;0,75;0,75;1,00;0,00;0,00;0,00;2,75;0,00;0,00;2,86;2,90;0,91;0,69;0,00;0,72;0,72;1,00;0,96;0,95;
3.8.2015 02:00;001,2;000,0;;;;;22902;1703286;5903;190739;62;712;0;0;0;0;0;0;0;;0,75;0,75;1,00;0,00;0,00;0,00;13774,00;12415,00;13279,00;0,06;0,07;0,09;;0,75;0,75;1,00;0,00;0,00;0,00;2,75;0,00;0,00;2,86;2,90;0,91;0,69;0,00;0,72;0,72;1,00;0,96;0,95;
3.8.2015 02:15;001,1;000,0;;;;;22902;1703286;5903;190739;62;712;0;0;0;0;0;0;0;;0,75;0,75;1,00;0,00;0,00;0,00;13747,00;12391,00;13252,00;0,06;0,07;0,09;;0,75;0,75;1,00;0,00;0,00;0,00;2,75;0,00;0,00;2,86;2,89;0,89;0,69;0,00;0,71;0,72;1,00;0,96;0,95;
3.8.2015 02:30;001,1;000,0;;;;;22902;1703286;5903;190739;62;712;0;0;0;0;0;0;0;;0,75;0,75;1,00;0,00;0,00;0,00;13744,00;12390,00;13257,00;0,06;0,07;0,09;;0,75;0,75;1,00;0,00;0,00;0,00;2,75;0,00;0,00;2,86;2,89;0,89;0,69;0,00;0,71;0,72;1,00;0,96;0,95;
3.8.2015 02:45;001,2;000,0;;;;;22902;1703286;5903;190739;62;712;0;0;0;0;0;0;0;;0,75;0,75;1,00;0,00;0,00;0,00;13742,00;12397,00;13240,00;0,06;0,07;0,09;;0,75;0,75;1,00;0,00;0,00;0,00;2,75;0,00;0,00;2,85;2,89;0,89;0,69;0,00;0,71;0,72;1,00;0,96;0,95;
3.8.2015 03:00;001,1;000,0;;;;;22903;1703286;5903;190739;62;712;0;0;0;0;0;0;0;;0,75;0,75;1,00;0,00;0,00;0,00;13682,00;12362,00;13226,00;0,06;0,07;0,09;;0,75;0,75;1,00;0,00;0,00;0,00;2,75;0,00;0,00;2,85;2,88;0,86;0,69;0,00;0,71;0,72;1,00;0,97;0,95;
3.8.2015 03:15;001,1;000,0;;;;;22903;1703286;5903;190739;62;712;0;0;0;0;0;0;0;;0,75;0,75;1,00;0,00;0,00;0,00;13698,00;12352,00;13225,00;0,06;0,07;0,09;;0,75;0,75;1,00;0,00;0,00;0,00;2,75;0,00;0,00;2,81;2,85;0,76;0,69;0,00;0,70;0,71;1,00;0,98;0,96;
3.8.2015 03:30;001,2;000,0;;;;;22903;1703286;5903;190739;62;712;0;0;0;0;0;0;0;;0,75;0,75;1,00;0,00;0,00;0,00;13690,00;12355,00;13218,00;0,06;0,07;0,09;;0,75;0,75;1,00;0,00;0,00;0,00;2,75;0,00;0,00;2,81;2,85;0,76;0,69;0,00;0,70;0,71;1,00;0,98;0,96;
3.8.2015 03:45;001,1;000,0;;;;;22904;1703286;5903;190739;62;712;0;0;0;0;0;0;0;;0,75;0,75;1,00;0,00;0,00;0,00;13691,00;12355,00;13224,00;0,06;0,07;0,09;;0,75;0,75;1,00;0,00;0,00;0,00;2,75;0,00;0,00;2,85;2,88;0,86;0,69;0,00;0,71;0,72;1,00;0,97;0,95;
3.8.2015 04:00;001,1;000,0;;;;;22904;1703286;5903;190739;62;712;0;0;0;0;0;0;0;;0,75;0,75;1,00;0,00;0,00;0,00;13705,00;12368,00;13235,00;0,06;0,07;0,09;;0,75;0,75;1,00;0,00;0,00;0,00;2,75;0,00;0,00;2,85;2,88;0,87;0,69;0,00;0,71;0,72;1,00;0,97;0,95;
3.8.2015 04:15;001,2;000,0;;;;;22904;1703286;5903;190739;62;712;0;0;0;0;0;0;0;;0,75;0,75;1,00;0,00;0,00;0,00;13756,00;12413,00;13276,00;0,06;0,07;0,09;;0,75;0,75;1,00;0,00;0,00;0,00;2,75;0,00;0,00;2,86;2,89;0,90;0,69;0,00;0,71;0,72;1,00;0,96;0,95;
3.8.2015 04:30;001,1;000,0;;;;;22904;1703286;5903;190739;62;712;0;0;0;0;0;0;0;;0,75;0,75;1,00;0,00;0,00;0,00;13709,00;12393,00;13247,00;0,06;0,07;0,09;;0,75;0,75;1,00;0,00;0,00;0,00;2,75;0,00;0,00;2,82;2,86;0,78;0,69;0,00;0,70;0,71;1,00;0,98;0,96;
3.8.2015 04:45;001,1;000,0;;;;;22905;1703286;5903;190739;62;712;0;0;0;0;0;0;0;;0,50;0,75;1,00;0,00;0,00;0,00;13725,00;12378,00;13235,00;0,04;0,07;0,08;;0,50;0,75;1,00;0,00;0,00;0,00;2,50;0,00;0,00;2,55;2,63;0,82;0,62;0,00;0,64;0,66;1,00;0,98;0,95;
3.8.2015 05:00;001,0;000,0;;;;;22905;1703286;5903;190739;62;712;0;0;0;0;0;0;0;;0,50;0,75;1,00;0,00;0,00;0,00;13778,00;12360,00;13204,00;0,04;0,07;0,08;;0,50;0,75;1,00;0,00;0,00;0,00;2,50;0,00;0,00;2,54;2,63;0,82;0,62;0,00;0,64;0,66;1,00;0,98;0,95;
3.8.2015 05:15;001,0;000,0;;;;;22905;1703286;5903;190739;62;712;0;0;0;0;0;0;0;;0,50;0,75;1,00;0,00;0,00;0,00;13785,00;12407,00;13255,00;0,04;0,07;0,08;;0,50;0,75;1,00;0,00;0,00;0,00;2,50;0,00;0,00;2,55;2,64;0,84;0,62;0,00;0,64;0,66;1,00;0,98;0,95;
3.8.2015 05:30;001,0;000,0;;;;;22905;1703286;5903;190739;62;712;0;0;0;0;0;0;0;;0,50;0,75;1,00;0,00;0,00;0,00;13729,00;12399,00;13234,00;0,04;0,07;0,09;;0,50;0,75;1,00;0,00;0,00;0,00;2,50;0,00;0,00;2,58;2,67;0,94;0,62;0,00;0,64;0,67;1,00;0,97;0,94;
3.8.2015 05:45;000,8;000,0;;;;;22906;1703286;5904;190739;62;712;0;0;0;0;0;0;0;;-0,50;0,25;1,00;8,75;7,25;8,75;13719,00;12368,00;13211,00;0,65;0,61;0,68;;8,75;7,50;8,75;nan;1,90;nan;0,75;25,00;nan;25,42;25,43;NaN;0,19;6,25;6,35;6,36;-0,34;0,03;0,03;
3.8.2015 06:00;000,1;000,2;;;;;22906;1703286;5904;190739;62;712;0;0;0;0;0;0;0;;-1,00;-0,50;-0,25;1,00;0,00;1,00;13707,00;12318,00;13163,00;0,13;0,09;0,10;;1,75;1,00;1,25;1,03;0,87;0,71;-2,00;2,00;2,60;4,30;4,32;1,96;-0,50;0,50;1,07;1,08;0,54;-0,47;-0,46;
3.8.2015 06:15;000,0;002,2;;;;;22906;1703286;5904;190740;62;712;0;0;0;0;0;0;0;;-3,50;-2,75;-2,75;0,75;0,50;1,25;13631,00;12253,00;13093,00;0,28;0,24;0,25;;3,75;2,75;3,25;1,12;nan;1,20;-9,25;2,75;nan;10,03;10,03;NaN;-2,31;0,69;2,51;2,51;0,96;-0,92;-0,92;
3.8.2015 06:30;000,0;005,1;;;;;22906;1703288;5904;190740;62;712;0;0;0;0;0;0;0;;-6,50;-5,50;-5,50;0,75;0,50;1,50;13593,00;12265,00;13082,00;0,49;0,46;0,46;;6,50;5,50;6,00;nan;nan;1,87;-17,75;3,00;nan;18,29;18,29;NaN;-4,44;0,75;4,57;4,57;0,99;-0,97;-0,97;
3.8.2015 06:45;000,0;011,4;;;;;22906;1703290;5904;190740;62;712;0;0;0;0;0;0;0;;-12,50;-10,75;-11,50;0,75;0,50;2,00;13636,00;12277,00;13074,00;0,93;0,90;0,90;;12,50;11,00;11,75;nan;2,28;1,35;-35,00;3,75;nan;35,43;35,45;NaN;-8,75;0,94;8,86;8,86;0,99;-0,99;-0,99;
3.8.2015 07:00;000,0;014,8;;;;;22906;1703294;5904;190741;62;712;0;0;0;0;0;0;0;;-13,25;-11,50;-12,00;0,75;0,50;2,25;13563,00;12228,00;13042,00;0,99;0,95;0,96;;13,25;11,50;12,50;nan;nan;2,68;-37,25;3,75;nan;37,57;37,58;NaN;-9,31;0,94;9,39;9,39;0,99;-0,99;-0,99;
3.8.2015 07:15;000,0;015,6;;;;;22906;1703298;5904;190741;62;712;0;0;0;0;0;0;0;;-15,75;-13,75;-14,50;0,75;0,75;2,25;13616,00;12304,00;13120,00;1,16;1,12;1,13;;15,75;13,75;14,75;nan;nan;1,50;-44,25;4,00;nan;44,53;44,55;NaN;-11,06;1,00;11,13;11,14;1,00;-0,99;-0,99;
3.8.2015 07:30;000,0;019,8;;;;;22906;1703303;5904;190741;62;712;0;0;0;0;0;0;0;;-19,00;-16,75;-17,50;1,00;0,75;2,75;13656,00;12382,00;13192,00;1,40;1,36;1,36;;19,00;16,75;17,75;nan;nan;1,12;-53,50;4,75;nan;53,87;53,89;NaN;-13,38;1,19;13,47;13,47;1,00;-0,99;-0,99;
3.8.2015 07:45;000,0;022,9;;;;;22906;1703309;5904;190742;62;712;0;0;0;0;0;0;0;;-22,25;-19,50;-20,50;1,00;0,75;3,25;13662,00;12375,00;13188,00;1,64;1,59;1,59;;22,25;19,50;20,75;nan;nan;nan;-62,50;5,25;nan;62,89;62,92;NaN;-15,62;1,31;15,72;15,73;1,00;-0,99;-0,99;
3.8.2015 08:00;000,0;026,7;;;;;22906;1703315;5904;190742;62;712;0;0;0;0;0;0;0;;-25,00;-22,00;-23,25;1,25;1,00;3,50;13706,00;12354,00;13157,00;1,84;1,80;1,80;;25,25;22,00;23,50;3,32;nan;nan;-70,75;5,75;nan;71,14;71,18;NaN;-17,69;1,44;17,79;17,80;1,00;-0,99;-0,99;
3.8.2015 08:15;000,0;026,0;;;;;22906;1703322;5904;190743;62;712;0;0;0;0;0;0;0;;-19,50;-17,00;-17,75;1,00;0,75;2,75;13691,00;12354,00;13157,00;1,43;1,38;1,38;;19,50;17,00;18,00;nan;nan;1,17;-54,50;4,75;nan;54,88;54,91;NaN;-13,62;1,19;13,72;13,73;1,00;-0,99;-0,99;
3.8.2015 08:30;000,0;019,7;;;;;22906;1703327;5904;190743;62;712;0;0;0;0;0;0;0;;-17,25;-15,00;-15,75;1,00;0,50;2,50;13626,00;12307,00;13119,00;1,28;1,24;1,23;;17,25;15,00;16,00;nan;nan;1,30;-48,25;4,25;nan;48,74;48,77;NaN;-12,06;1,06;12,19;12,19;1,00;-0,99;-0,99;
3.8.2015 08:45;000,0;023,0;;;;;22906;1703333;5904;190744;62;712;0;0;0;0;0;0;0;;-24,25;-21,25;-22,50;1,25;0,75;3,50;13612,00;12361,00;13172,00;1,79;1,74;1,73;;24,25;21,25;22,75;nan;nan;nan;-68,25;5,75;nan;68,63;68,66;NaN;-17,06;1,44;17,16;17,17;1,00;-0,99;-0,99;
3.8.2015 09:00;000,0;032,2;;;;;22906;1703341;5904;190745;62;712;0;0;0;0;0;0;0;;-32,50;-29,00;-30,50;1,50;1,50;4,50;13648,00;12362,00;13167,00;2,40;2,36;2,36;;32,75;29,00;31,00;3,75;nan;3,24;-92,50;8,00;nan;93,07;93,13;NaN;-23,12;2,00;23,27;23,28;1,00;-0,99;-0,99;
3.8.2015 09:15;000,0;046,1;;;;;22906;1703352;5904;190746;62;712;0;0;0;0;0;0;0;;-45,25;-40,50;-42,50;2,75;2,50;6,75;13771,00;12436,00;13267,00;3,30;3,26;3,26;;45,50;40,50;43,25;3,89;nan;4,33;-128,50;12,00;nan;129,37;129,46;NaN;-32,12;3,00;32,34;32,36;1,00;-0,99;-0,99;
3.8.2015 09:30;000,0;051,9;;;;;22906;1703365;5904;190747;62;712;0;0;0;0;0;0;0;;-47,25;-42,25;-44,75;2,75;2,75;7,00;13745,00;12449,00;13289,00;3,46;3,42;3,42;;47,50;42,50;45,25;4,02;3,69;nan;-134,50;12,75;nan;135,52;135,61;NaN;-33,62;3,19;33,88;33,90;1,00;-0,99;-0,99;
3.8.2015 09:45;000,0;053,6;;;;;22906;1703379;5904;190748;62;712;0;0;0;0;0;0;0;;-60,00;-53,75;-56,75;4,50;4,25;9,50;13725,00;12424,00;13260,00;4,39;4,36;4,35;;60,25;54,00;57,50;3,13;2,98;nan;-170,75;18,75;nan;172,14;172,26;NaN;-42,69;4,69;43,03;43,07;0,99;-0,99;-0,99;
3.8.2015 10:00;000,0;066,5;;;;;22906;1703395;5904;190750;62;712;0;0;0;0;0;0;0;;-56,00;-50,00;-52,75;3,00;3,00;8,00;13732,00;12443,00;13265,00;4,09;4,03;4,04;;56,00;50,00;53,50;nan;nan;3,96;-158,75;14,25;nan;159,86;159,96;NaN;-39,69;3,56;39,97;39,99;1,00;-0,99;-0,99;
3.8.2015 10:15;000,0;063,9;;;;;22906;1703411;5904;190751;62;712;0;0;0;0;0;0;0;;-55,25;-49,50;-52,50;3,00;3,00;8,00;13701,00;12433,00;13266,00;4,05;4,01;4,01;;55,50;49,75;53,25;4,32;3,98;3,91;-157,50;14,00;12,21;158,51;158,62;2,74;-39,38;3,50;39,63;39,65;1,00;-0,99;-0,99;
3.8.2015 10:30;000,0;062,1;;;;;22906;1703427;5904;190753;62;712;0;0;0;0;0;0;0;;-57,25;-51,25;-54,25;3,00;3,00;8,25;13747,00;12474,00;13304,00;4,18;4,12;4,14;;57,50;51,25;55,00;4,44;nan;3,72;-163,00;14,25;nan;163,90;164,00;NaN;-40,75;3,56;40,98;41,00;1,00;-0,99;-0,99;
3.8.2015 10:45;000,0;080,0;;;;;22906;1703447;5904;190754;62;712;0;0;0;0;0;0;0;;-82,25;-73,75;-78,00;5,00;5,00;12,25;13788,00;12482,00;13323,00;5,98;5,94;5,95;;82,50;74,00;79,25;4,02;3,46;6,82;-234,25;22,50;14,30;235,81;235,98;10,03;-58,56;5,62;58,95;58,99;1,00;-0,99;-0,99;
3.8.2015 11:00;000,0;094,1;;;;;22906;1703471;5904;190757;62;712;0;0;0;0;0;0;0;;-84,25;-75,50;-80,25;4,75;5,25;12,75;13852,00;12540,00;13389,00;6,10;6,05;6,08;;84,50;75,75;81,25;4,43;3,20;nan;-240,25;23,00;nan;241,74;241,91;NaN;-60,06;5,75;60,43;60,48;1,00;-0,99;-0,99;
3.8.2015 11:15;000,0;101,2;;;;;22906;1703496;5904;190759;62;712;0;0;0;0;0;0;0;;-94,75;-85,00;-90,25;6,00;6,50;14,75;13790,00;12496,00;13351,00;6,89;6,84;6,86;;95,00;85,25;91,50;3,38;0,56;3,10;-270,25;27,50;7,04;272,01;272,20;15,91;-67,56;6,88;68,00;68,05;0,99;-0,99;-0,99;
3.8.2015 11:30;000,0;106,8;;;;;22906;1703523;5904;190762;62;712;0;0;0;0;0;0;0;;-87,25;-78,75;-83,25;5,75;6,00;13,00;13755,00;12459,00;13323,00;6,37;6,35;6,34;;87,50;79,00;84,50;3,26;1,85;6,38;-249,75;24,75;11,49;251,27;251,47;10,79;-62,44;6,19;62,82;62,87;1,00;-0,99;-0,99;
3.8.2015 11:45;000,0;103,7;;;;;22906;1703549;5904;190765;62;712;0;0;0;0;0;0;0;;-104,50;-94,00;-99,50;7,50;7,75;16,75;13812,00;12500,00;13346,00;7,59;7,55;7,57;;104,75;94,25;101,00;nan;nan;4,49;-298,00;32,25;nan;300,27;300,50;NaN;-74,50;8,06;75,07;75,12;0,99;-0,99;-0,99;
3.8.2015 12:00;000,0;126,9;;;;;22906;1703580;5904;190768;62;712;0;0;0;0;0;0;0;;-112,25;-100,75;-106,75;8,75;9,00;18,50;13758,00;12433,00;13280,00;8,20;8,15;8,16;;112,75;101,25;108,25;5,99;4,47;nan;-320,00;36,50;nan;322,44;322,69;NaN;-80,00;9,12;80,61;80,67;0,99;-0,99;-0,99;
3.8.2015 12:15;000,0;146,5;;;;;22906;1703617;5904;190772;62;712;0;0;0;0;0;0;0;;-142,50;-128,25;-136,00;10,50;11,00;23,00;13817,00;12506,00;13353,00;10,35;10,30;10,34;;143,00;128,75;138,00;5,70;2,74;4,36;-406,75;45,00;12,80;409,92;410,23;25,61;-101,69;11,25;102,48;102,56;0,99;-0,99;-0,99;
3.8.2015 12:30;000,0;175,9;;;;;22906;1703662;5904;190777;62;712;0;0;0;0;0;0;0;;-209,50;-189,00;-200,00;18,00;19,25;36,25;13829,00;12528,00;13342,00;15,21;15,18;15,25;;210,25;190,00;203,25;nan;2,90;nan;-598,50;73,75;nan;603,95;604,42;NaN;-149,62;18,44;150,99;151,10;0,99;-0,99;-0,99;
3.8.2015 12:45;000,0;245,8;;;;;22906;1703723;5904;190785;62;712;0;0;0;0;0;0;0;;-214,75;-193,75;-205,00;19,25;19,75;37,75;13857,00;12558,00;13401,00;15,58;15,52;15,57;;215,75;194,75;208,50;7,74;nan;4,71;-614,00;77,00;nan;619,54;620,01;NaN;-153,50;19,25;154,89;155,00;0,99;-0,99;-0,99;
3.8.2015 13:00;000,0;211,1;;;;;22906;1703775;5904;190791;62;712;0;0;0;0;0;0;0;;-163,75;-148,00;-157,25;11,50;13,00;25,75;13798,00;12527,00;13381,00;11,91;11,88;11,92;;164,25;148,50;159,50;5,63;nan;7,04;-469,25;50,50;nan;472,66;473,01;NaN;-117,31;12,62;118,16;118,25;0,99;-0,99;-0,99;
3.8.2015 13:15;000,0;133,2;;;;;22906;1703808;5904;190795;62;712;0;0;0;0;0;0;0;;-105,25;-95,00;-101,50;5,75;7,00;15,25;13728,00;12454,00;13311,00;7,70;7,67;7,72;;105,50;95,50;102,50;4,43;6,80;nan;-302,00;28,25;nan;303,85;304,08;NaN;-75,50;7,06;75,96;76,02;1,00;-0,99;-0,99;
3.8.2015 13:30;000,0;193,3;;;;;22906;1703857;5904;190800;62;712;0;0;0;0;0;0;0;;-189,25;-170,75;-181,50;14,75;16,25;31,50;13826,00;12525,00;13372,00;13,74;13,70;13,78;;190,00;171,50;184,25;8,18;nan;3,68;-541,50;62,75;nan;545,93;546,35;NaN;-135,38;15,69;136,48;136,59;0,99;-0,99;-0,99;
3.8.2015 13:45;000,0;120,3;;;;;22906;1703887;5904;190803;62;712;0;0;0;0;0;0;0;;-94,75;-85,25;-91,00;5,00;6,00;13,75;13837,00;12535,00;13380,00;6,87;6,83;6,89;;95,00;85,50;92,00;4,74;2,59;nan;-271,25;24,75;nan;272,86;273,06;NaN;-67,81;6,19;68,22;68,26;1,00;-0,99;-0,99;
3.8.2015 14:00;000,0;105,8;;;;;22906;1703913;5904;190805;62;712;0;0;0;0;0;0;0;;-73,25;-65,50;-69,75;3,75;4,25;10,50;13784,00;12463,00;13321,00;5,33;5,29;5,32;;73,25;65,75;70,75;nan;3,84;5,50;-208,75;18,75;nan;210,10;210,26;NaN;-52,19;4,69;52,53;52,56;1,00;-0,99;-0,99;
3.8.2015 14:15;000,0;072,1;;;;;22906;1703931;5904;190807;62;712;0;0;0;0;0;0;0;;-57,75;-51,75;-55,00;3,00;3,25;8,25;13757,00;12467,00;13314,00;4,22;4,18;4,19;;58,00;52,00;55,75;4,47;3,92;3,87;-165,00;14,75;12,26;165,89;166,00;NaN;-41,25;3,69;41,47;41,50;1,00;-0,99;-0,99;
3.8.2015 14:30;000,0;060,9;;;;;22906;1703946;5904;190808;62;712;0;0;0;0;0;0;0;;-51,50;-46,50;-49,25;2,75;3,00;7,25;13717,00;12444,00;13299,00;3,78;3,75;3,75;;51,75;46,50;49,75;4,27;nan;nan;-147,50;13,00;nan;148,38;148,49;NaN;-36,88;3,25;37,10;37,12;1,00;-0,99;-0,99;
3.8.2015 14:44;000,0;057,7;;;;;22906;1703961;5904;190810;62;712;0;0;0;0;0;0;0;;-47,75;-43,00;-45,25;2,50;2,50;6,75;13761,00;12459,00;13294,00;3,48;3,46;3,45;;47,75;43,00;45,75;nan;nan;nan;-136,00;12,00;nan;136,93;137,03;NaN;-34,00;3,00;34,23;34,26;1,00;-0,99;-0,99;
3.8.2015 14:45;000,0;057,7;;;;;22906;1703961;5904;190810;62;712;0;0;0;0;0;0;0;;-47,75;-42,75;-45,25;2,50;2,50;6,75;13776,00;12458,00;13295,00;3,49;3,45;3,45;;48,00;43,00;45,75;4,21;3,90;nan;-136,25;12,00;nan;136,99;137,09;NaN;-34,06;3,00;34,25;34,27;1,00;-0,99;-0,99;
3.8.2015 15:00;000,0;059,8;;;;;22906;1703976;5904;190811;62;712;0;0;0;0;0;0;0;;-60,50;-54,50;-57,50;3,25;3,25;8,50;13779,00;12466,00;13304,00;4,41;4,38;4,39;;60,75;54,50;58,25;4,44;nan;3,82;-172,75;15,25;nan;173,84;173,97;NaN;-43,19;3,81;43,46;43,49;1,00;-0,99;-0,99;
3.8.2015 15:15;000,0;081,4;;;;;22906;1703996;5904;190813;62;712;0;0;0;0;0;0;0;;-77,25;-69,50;-73,50;4,50;4,75;11,50;13829,00;12512,00;13362,00;5,61;5,57;5,59;;77,50;69,50;74,50;4,29;nan;3,97;-220,50;20,75;nan;221,90;222,06;NaN;-55,12;5,19;55,47;55,52;1,00;-0,99;-0,99;
3.8.2015 15:30;000,0;100,0;;;;;22906;1704021;5904;190815;62;712;0;0;0;0;0;0;0;;-94,25;-85,00;-90,00;6,50;6,75;14,25;13792,00;12511,00;13344,00;6,87;6,84;6,84;;94,50;85,50;91,00;2,22;6,30;nan;-269,50;27,75;nan;271,43;271,64;NaN;-67,38;6,94;67,86;67,91;0,99;-0,99;-0,99;
3.8.2015 15:45;000,0;101,1;;;;;22906;1704046;5904;190818;62;712;0;0;0;0;0;0;0;;-81,00;-72,75;-77,00;4,75;5,25;12,00;13796,00;12510,00;13348,00;5,89;5,84;5,86;;81,00;73,00;78,00;nan;2,98;3,32;-231,00;22,25;nan;232,47;232,63;NaN;-57,75;5,56;58,12;58,16;1,00;-0,99;-0,99;
3.8.2015 16:00;000,0;087,8;;;;;22906;1704068;5904;190820;62;712;0;0;0;0;0;0;0;;-74,00;-66,50;-70,25;4,00;4,25;10,75;13805,00;12526,00;13365,00;5,37;5,33;5,34;;74,00;66,50;71,25;nan;nan;5,09;-211,00;19,25;nan;212,17;212,31;NaN;-52,75;4,81;53,04;53,08;1,00;-0,99;-0,99;
3.8.2015 16:15;000,0;093,7;;;;;22906;1704092;5904;190822;62;712;0;0;0;0;0;0;0;;-79,75;-71,75;-76,00;5,00;5,00;12,00;13649,00;12361,00;13205,00;5,87;5,83;5,84;;80,00;72,00;77,00;3,86;3,31;3,00;-227,75;22,25;10,17;229,23;229,40;12,55;-56,94;5,56;57,31;57,35;1,00;-0,99;-0,99;
3.8.2015 16:30;000,0;085,6;;;;;22906;1704113;5904;190825;62;712;0;0;0;0;0;0;0;;-103,00;-92,75;-98,00;7,75;8,00;16,75;13618,00;12339,00;13160,00;7,60;7,56;7,57;;103,50;93,25;99,50;6,57;5,39;3,96;-294,25;33,00;15,92;296,47;296,69;9,87;-73,56;8,25;74,12;74,17;0,99;-0,99;-0,99;
3.8.2015 16:45;000,0;119,1;;;;;22906;1704143;5904;190828;62;712;0;0;0;0;0;0;0;;-51,50;-46,00;-48,75;2,75;2,75;7,50;13603,00;12329,00;13143,00;3,81;3,76;3,76;;51,75;46,25;49,25;4,27;3,94;nan;-146,75;13,25;nan;147,60;147,70;NaN;-36,69;3,31;36,90;36,92;1,00;-0,99;-0,99;
3.8.2015 17:00;000,0;100,5;;;;;22906;1704168;5904;190831;62;712;0;0;0;0;0;0;0;;-62,75;-56,25;-59,50;3,50;3,50;9,25;13614,00;12318,00;13139,00;4,63;4,59;4,60;;63,00;56,25;60,25;4,38;nan;2,06;-178,75;16,25;nan;179,92;180,04;NaN;-44,69;4,06;44,98;45,01;1,00;-0,99;-0,99;
3.8.2015 17:15;000,0;058,7;;;;;22906;1704183;5904;190832;62;712;0;0;0;0;0;0;0;;-50,25;-45,00;-47,75;2,75;2,75;7,25;13616,00;12366,00;13173,00;3,70;3,66;3,67;;50,25;45,25;48,25;nan;3,87;nan;-143,25;13,00;nan;144,12;144,21;NaN;-35,81;3,25;36,03;36,05;1,00;-0,99;-0,99;
3.8.2015 17:30;000,0;091,9;;;;;22906;1704206;5904;190834;62;712;0;0;0;0;0;0;0;;-59,75;-53,50;-56,75;3,25;3,25;8,50;13703,00;12399,00;13213,00;4,38;4,34;4,35;;59,75;53,75;57,50;nan;4,03;3,67;-170,25;15,25;nan;171,21;171,33;NaN;-42,56;3,81;42,80;42,83;1,00;-0,99;-0,99;
3.8.2015 17:45;000,0;064,1;;;;;22906;1704222;5904;190836;62;712;0;0;0;0;0;0;0;;-44,00;-39,75;-41,75;2,50;2,50;6,25;13646,00;12384,00;13214,00;3,25;3,22;3,22;;44,25;39,75;42,50;3,98;nan;4,91;-126,00;11,25;nan;126,74;126,83;NaN;-31,50;2,81;31,68;31,71;1,00;-0,99;-0,99;
3.8.2015 18:00;000,0;044,1;;;;;22906;1704233;5904;190837;62;712;0;0;0;0;0;0;0;;-35,50;-31,75;-33,25;2,00;1,75;5,00;13609,00;12319,00;13151,00;2,62;2,59;2,57;;35,50;31,75;33,75;nan;nan;2,92;-100,75;9,00;nan;101,39;101,46;NaN;-25,19;2,25;25,35;25,37;1,00;-0,99;-0,99;
3.8.2015 18:15;000,0;043,8;;;;;22906;1704243;5904;190838;62;712;0;0;0;0;0;0;0;;-30,50;-27,00;-28,25;1,75;1,25;4,25;13639,00;12354,00;13185,00;2,24;2,21;2,19;;30,50;27,25;28,75;nan;3,46;3,23;-86,00;7,50;nan;86,70;86,76;NaN;-21,50;1,88;21,67;21,69;1,00;-0,99;-0,99;
3.8.2015 18:30;000,0;020,5;;;;;22906;1704249;5904;190838;62;712;0;0;0;0;0;0;0;;-12,25;-10,50;-11,00;1,00;0,50;2,00;13609,00;12301,00;13126,00;0,91;0,87;0,86;;12,25;10,75;11,25;nan;2,25;1,25;-34,00;3,75;nan;34,37;34,39;NaN;-8,50;0,94;8,59;8,60;0,99;-0,99;-0,99;
3.8.2015 18:45;000,0;012,0;;;;;22906;1704252;5904;190839;62;712;0;0;0;0;0;0;0;;-10,75;-9,25;-9,75;1,00;0,75;2,00;13591,00;12313,00;13143,00;0,81;0,77;0,76;;11,00;9,50;10,00;2,11;2,03;0,97;-30,00;4,00;5,11;30,57;30,59;NaN;-7,50;1,00;7,64;7,65;0,99;-0,98;-0,98;
3.8.2015 19:00;000,0;017,0;;;;;22906;1704256;5904;190839;62;712;0;0;0;0;0;0;0;;-14,50;-13,00;-13,50;1,00;0,75;2,25;13639,00;12334,00;13165,00;1,08;1,07;1,05;;14,75;13,00;13,75;2,51;nan;1,32;-41,50;4,00;nan;41,85;41,88;NaN;-10,38;1,00;10,46;10,47;1,00;-0,99;-0,99;
3.8.2015 19:15;000,0;015,3;;;;;22906;1704260;5904;190839;62;712;0;0;0;0;0;0;0;;-10,25;-9,00;-9,25;1,00;0,50;1,75;13611,00;12319,00;13137,00;0,77;0,74;0,73;;10,50;9,00;9,50;2,05;nan;1,27;-28,75;3,50;nan;29,28;29,30;NaN;-7,19;0,88;7,32;7,32;0,99;-0,98;-0,98;
3.8.2015 19:30;000,0;008,6;;;;;22906;1704262;5904;190840;62;712;0;0;0;0;0;0;0;;-5,75;-4,75;-5,00;0,75;0,50;1,50;13581,00;12288,00;13087,00;0,45;0,41;0,42;;6,00;5,00;5,25;1,54;1,48;0,56;-16,00;3,00;3,58;16,61;16,61;NaN;-4,00;0,75;4,15;4,15;0,98;-0,96;-0,96;
3.8.2015 19:45;000,0;004,5;;;;;22906;1704263;5904;190840;62;712;0;0;0;0;0;0;0;;-2,50;-2,00;-1,75;1,00;0,50;1,25;13587,00;12290,00;13116,00;0,23;0,19;0,19;;3,00;2,25;2,50;1,32;0,90;1,27;-6,50;2,75;3,50;7,86;7,87;NaN;-1,62;0,69;1,96;1,97;0,91;-0,83;-0,83;
3.8.2015 20:00;000,0;001,3;;;;;22906;1704263;5904;190840;62;712;0;0;0;0;0;0;0;;-0,25;0,00;0,00;1,00;0,50;1,00;13601,00;12295,00;13112,00;0,10;0,09;0,11;;1,25;1,00;1,25;0,71;0,87;0,75;-0,25;2,50;2,32;3,95;3,95;1,98;-0,06;0,62;0,99;0,99;-0,84;-0,06;-0,06;
3.8.2015 20:15;000,6;000,0;;;;;22906;1704263;5905;190840;62;712;0;0;0;0;0;0;0;;0,00;1,00;1,25;4,50;3,50;4,75;13564,00;12285,00;13091,00;0,34;0,32;0,39;;4,50;3,75;5,00;0,00;0,90;0,94;2,25;12,75;1,84;13,65;13,68;4,03;0,56;3,19;3,41;3,42;0,82;0,16;0,16;
3.8.2015 20:30;001,2;000,0;;;;;22906;1704263;5905;190840;62;712;0;0;0;0;0;0;0;;0,75;0,75;1,00;0,00;0,00;0,00;13532,00;12263,00;13073,00;0,07;0,07;0,09;;0,75;0,75;1,00;0,00;0,00;0,00;2,75;0,00;0,00;2,89;2,91;0,95;0,69;0,00;0,72;0,73;1,00;0,95;0,95;
3.8.2015 20:45;001,1;000,0;;;;;22906;1704263;5905;190840;62;712;0;0;0;0;0;0;0;;0,75;0,75;1,00;0,00;0,00;0,00;13545,00;12270,00;13092,00;0,07;0,07;0,09;;0,75;0,75;1,00;0,00;0,00;0,00;2,75;0,00;0,00;2,89;2,91;0,96;0,69;0,00;0,72;0,73;1,00;0,95;0,94;
3.8.2015 21:00;001,2;000,0;;;;;22907;1704263;5905;190840;62;712;0;0;0;0;0;0;0;;0,75;0,75;1,00;0,00;0,00;0,00;13527,00;12230,00;13040,00;0,07;0,07;0,09;;0,75;0,75;1,00;0,00;0,00;0,00;2,75;0,00;0,00;2,88;2,90;0,93;0,69;0,00;0,72;0,73;1,00;0,95;0,95;
3.8.2015 21:15;001,2;000,0;;;;;22907;1704263;5905;190840;62;712;0;0;0;0;0;0;0;;0,75;0,75;1,00;0,00;0,00;0,00;13587,00;12273,00;13080,00;0,07;0,07;0,09;;0,75;0,75;1,00;0,00;0,00;0,00;2,75;0,00;0,00;2,89;2,91;0,96;0,69;0,00;0,72;0,73;1,00;0,95;0,94;
3.8.2015 21:30;001,1;000,0;;;;;22907;1704263;5905;190840;62;712;0;0;0;0;0;0;0;;0,75;0,75;1,00;0,00;0,00;0,00;13622,00;12303,00;13115,00;0,07;0,07;0,09;;0,75;0,75;1,00;0,00;0,00;0,00;2,75;0,00;0,00;2,90;2,92;0,99;0,69;0,00;0,72;0,73;1,00;0,95;0,94;
3.8.2015 21:45;001,2;000,0;;;;;22908;1704263;5905;190840;62;712;0;0;0;0;0;0;0;;0,75;0,75;1,00;0,00;0,00;0,00;13590,00;12296,00;13111,00;0,07;0,07;0,09;;0,75;0,75;1,00;0,00;0,00;0,00;2,75;0,00;0,00;2,89;2,92;0,98;0,69;0,00;0,72;0,73;1,00;0,95;0,94;
3.8.2015 22:00;001,1;000,0;;;;;22908;1704263;5905;190840;62;712;0;0;0;0;0;0;0;;0,75;0,75;1,00;0,00;0,00;0,00;13613,00;12261,00;13073,00;0,07;0,07;0,09;;0,75;0,75;1,00;0,00;0,00;0,00;2,75;0,00;0,00;2,89;2,91;0,97;0,69;0,00;0,72;0,73;1,00;0,95;0,94;
3.8.2015 22:15;001,2;000,0;;;;;22908;1704263;5905;190840;62;712;0;0;0;0;0;0;0;;0,75;0,75;1,00;0,00;0,00;0,00;13594,00;12271,00;13087,00;0,07;0,07;0,09;;0,75;0,75;1,00;0,00;0,00;0,00;2,75;0,00;0,00;2,89;2,91;0,97;0,69;0,00;0,72;0,73;1,00;0,95;0,94;
3.8.2015 22:30;001,2;000,0;;;;;22908;1704263;5905;190840;62;712;0;0;0;0;0;0;0;;0,75;0,75;1,00;0,00;0,00;0,00;13672,00;12340,00;13165,00;0,07;0,07;0,09;;0,75;0,75;1,00;0,00;0,00;0,00;2,75;0,00;0,00;2,97;3,00;1,20;0,69;0,00;0,74;0,75;1,00;0,93;0,92;
3.8.2015 22:45;001,1;000,0;;;;;22909;1704263;5905;190840;62;712;0;0;0;0;0;0;0;;0,75;0,75;1,00;0,00;0,00;0,00;13605,00;12296,00;13083,00;0,07;0,07;0,09;;0,75;0,75;1,00;0,00;0,00;0,00;2,75;0,00;0,00;2,89;2,92;0,97;0,69;0,00;0,72;0,73;1,00;0,95;0,94;
3.8.2015 23:00;001,2;000,0;;;;;22909;1704263;5905;190840;62;712;0;0;0;0;0;0;0;;0,75;0,75;1,00;0,00;0,00;0,00;13678,00;12358,00;13183,00;0,07;0,07;0,09;;0,75;0,75;1,00;0,00;0,00;0,00;2,75;0,00;0,00;2,94;2,97;1,13;0,69;0,00;0,74;0,74;1,00;0,93;0,92;
3.8.2015 23:15;001,2;000,0;;;;;22909;1704263;5905;190840;62;712;0;0;0;0;0;0;0;;0,75;0,75;1,00;0,00;0,00;0,00;13675,00;12338,00;13182,00;0,07;0,07;0,09;;0,75;0,75;1,00;0,00;0,00;0,00;2,75;0,00;0,00;2,94;2,97;1,13;0,69;0,00;0,74;0,74;1,00;0,93;0,93;
3.8.2015 23:30;001,1;000,0;;;;;22910;1704263;5905;190840;62;712;0;0;0;0;0;0;0;;0,75;0,75;1,00;0,00;0,00;0,00;13751,00;12393,00;13226,00;0,07;0,07;0,09;;0,75;0,75;1,00;0,00;0,00;0,00;2,75;0,00;0,00;2,99;3,01;1,23;0,69;0,00;0,75;0,75;1,00;0,92;0,91;
3.8.2015 23:45;001,2;000,0;;;;;22910;1704263;5905;190840;62;712;0;0;0;0;0;0;0;;0,75;0,75;1,00;0,00;0,00;0,00;13724,00;12353,00;13180,00;0,07;0,07;0,09;;0,75;0,75;1,00;0,00;0,00;0,00;2,75;0,00;0,00;2,95;2,98;1,14;0,69;0,00;0,74;0,74;1,00;0,93;0,92;
4.8.2015 00:00;001,2;000,0;;;;;22910;1704263;5905;190840;62;712;0;0;0;0;0;0;0;;0,75;0,75;1,00;0,00;0,00;0,00;13742,00;12447,00;13279,00;0,07;0,07;0,09;;0,75;0,75;1,00;0,00;0,00;0,00;2,75;0,00;0,00;2,99;3,02;1,25;0,69;0,00;0,75;0,76;1,00;0,92;0,91;
4.8.2015 00:15;001,2;000,0;;;;;22911;1704263;5905;190840;62;712;0;0;0;0;0;0;0;;0,75;0,75;1,00;0,00;0,00;0,00;13776,00;12421,00;13259,00;0,07;0,07;0,09;;0,75;0,75;1,00;0,00;0,00;0,00;2,75;0,00;0,00;2,99;3,02;1,25;0,69;0,00;0,75;0,76;1,00;0,92;0,91;
4.8.2015 00:30;001,2;000,0;;;;;22911;1704263;5905;190840;62;712;0;0;0;0;0;0;0;;0,75;0,75;1,00;0,00;0,00;0,00;13775,00;12394,00;13229,00;0,07;0,07;0,09;;0,75;0,75;1,00;0,00;0,00;0,00;2,75;0,00;0,00;2,99;3,02;1,24;0,69;0,00;0,75;0,75;1,00;0,92;0,91;
4.8.2015 00:45;001,2;000,0;;;;;22911;1704263;5905;190840;62;712;0;0;0;0;0;0;0;;0,75;0,75;1,00;0,00;0,00;0,00;13766,00;12407,00;13245,00;0,07;0,07;0,09;;0,75;0,75;1,00;0,00;0,00;0,00;2,75;0,00;0,00;2,99;3,02;1,24;0,69;0,00;0,75;0,75;1,00;0,92;0,91;
4.8.2015 01:00;001,2;000,0;;;;;22911;1704263;5905;190840;62;712;0;0;0;0;0;0;0;;0,75;0,75;1,00;0,00;0,00;0,00;13708,00;12437,00;13237,00;0,07;0,07;0,09;;0,75;0,75;1,00;0,00;0,00;0,00;2,75;0,00;0,00;2,99;3,02;1,24;0,69;0,00;0,75;0,75;1,00;0,92;0,91;
4.8.2015 01:15;001,1;000,0;;;;;22912;1704263;5905;190840;62;712;0;0;0;0;0;0;0;;0,75;0,75;1,00;0,00;0,00;0,00;13724,00;12400,00;13210,00;0,07;0,07;0,09;;0,75;0,75;1,00;0,00;0,00;0,00;2,75;0,00;0,00;2,98;3,01;1,23;0,69;0,00;0,75;0,75;1,00;0,92;0,91;
4.8.2015 01:30;001,2;000,0;;;;;22912;1704263;5905;190840;62;712;0;0;0;0;0;0;0;;0,75;0,75;1,00;0,00;0,00;0,00;13729,00;12407,00;13228,00;0,07;0,07;0,09;;0,75;0,75;1,00;0,00;0,00;0,00;2,75;0,00;0,00;2,99;3,01;1,23;0,69;0,00;0,75;0,75;1,00;0,92;0,91;
4.8.2015 01:45;001,2;000,0;;;;;22912;1704263;5905;190840;62;712;0;0;0;0;0;0;0;;0,75;0,75;1,00;0,00;0,00;0,00;13706,00;12404,00;13216,00;0,07;0,07;0,09;;0,75;0,75;1,00;0,00;0,00;0,00;2,75;0,00;0,00;2,98;3,01;1,23;0,69;0,00;0,75;0,75;1,00;0,92;0,91;
4.8.2015 02:00;001,2;000,0;;;;;22913;1704263;5905;190840;62;712;0;0;0;0;0;0;0;;0,75;0,75;1,00;0,00;0,00;0,00;13739,00;12430,00;13246,00;0,07;0,07;0,09;;0,75;0,75;1,00;0,00;0,00;0,00;2,75;0,00;0,00;2,99;3,02;1,24;0,69;0,00;0,75;0,75;1,00;0,92;0,91;
4.8.2015 02:15;001,2;000,0;;;;;22913;1704263;5905;190840;62;712;0;0;0;0;0;0;0;;0,75;0,75;1,00;0,00;0,00;0,00;13772,00;12440,00;13251,00;0,07;0,07;0,09;;0,75;0,75;1,00;0,00;0,00;0,00;2,75;0,00;0,00;2,99;3,02;1,25;0,69;0,00;0,75;0,76;1,00;0,92;0,91;
4.8.2015 02:30;001,2;000,0;;;;;22913;1704263;5905;190840;62;712;0;0;0;0;0;0;0;;0,75;0,75;1,00;0,00;0,00;0,00;13779,00;12461,00;13272,00;0,06;0,07;0,09;;0,75;0,75;1,00;0,00;0,00;0,00;2,75;0,00;0,00;2,86;2,90;0,92;0,69;0,00;0,72;0,72;1,00;0,96;0,95;
4.8.2015 02:45;001,1;000,0;;;;;22913;1704263;5905;190840;62;712;0;0;0;0;0;0;0;;0,75;0,75;1,00;0,00;0,00;0,00;13784,00;12458,00;13270,00;0,06;0,07;0,09;;0,75;0,75;1,00;0,00;0,00;0,00;2,75;0,00;0,00;2,86;2,90;0,92;0,69;0,00;0,72;0,72;1,00;0,96;0,95;
4.8.2015 03:00;001,1;000,0;;;;;22914;1704263;5905;190840;62;712;0;0;0;0;0;0;0;;0,75;0,75;1,00;0,00;0,00;0,00;13795,00;12457,00;13277,00;0,06;0,07;0,09;;0,75;0,75;1,00;0,00;0,00;0,00;2,75;0,00;0,00;2,86;2,90;0,92;0,69;0,00;0,72;0,73;1,00;0,96;0,95;
4.8.2015 03:15;001,2;000,0;;;;;22914;1704263;5905;190840;62;712;0;0;0;0;0;0;0;;0,75;0,75;1,00;0,00;0,00;0,00;13787,00;12484,00;13299,00;0,06;0,07;0,09;;0,75;0,75;1,00;0,00;0,00;0,00;2,75;0,00;0,00;2,87;2,90;0,93;0,69;0,00;0,72;0,73;1,00;0,96;0,95;
4.8.2015 03:30;001,1;000,0;;;;;22914;1704263;5905;190840;62;712;0;0;0;0;0;0;0;;0,75;0,75;1,00;0,00;0,00;0,00;13781,00;12440,00;13266,00;0,06;0,07;0,09;;0,75;0,75;1,00;0,00;0,00;0,00;2,75;0,00;0,00;2,86;2,90;0,91;0,69;0,00;0,72;0,72;1,00;0,96;0,95;
4.8.2015 03:45;001,2;000,0;;;;;22915;1704263;5905;190840;62;712;0;0;0;0;0;0;0;;0,75;0,75;1,00;0,00;0,00;0,00;13733,00;12434,00;13247,00;0,06;0,07;0,09;;0,75;0,75;1,00;0,00;0,00;0,00;2,75;0,00;0,00;2,86;2,89;0,89;0,69;0,00;0,71;0,72;1,00;0,96;0,95;
4.8.2015 04:00;001,1;000,0;;;;;22915;1704263;5905;190840;62;712;0;0;0;0;0;0;0;;0,75;0,75;1,00;0,00;0,00;0,00;13749,00;12438,00;13256,00;0,06;0,07;0,09;;0,75;0,75;1,00;0,00;0,00;0,00;2,75;0,00;0,00;2,86;2,89;0,90;0,69;0,00;0,71;0,72;1,00;0,96;0,95;
4.8.2015 04:15;001,1;000,0;;;;;22915;1704263;5905;190840;62;712;0;0;0;0;0;0;0;;0,75;0,75;1,00;0,00;0,00;0,00;13745,00;12393,00;13234,00;0,06;0,07;0,09;;0,75;0,75;1,00;0,00;0,00;0,00;2,75;0,00;0,00;2,85;2,89;0,88;0,69;0,00;0,71;0,72;1,00;0,96;0,95;
4.8.2015 04:30;001,2;000,0;;;;;22915;1704263;5905;190840;62;712;0;0;0;0;0;0;0;;0,75;0,75;1,00;0,00;0,00;0,00;13747,00;12400,00;13216,00;0,06;0,07;0,09;;0,75;0,75;1,00;0,00;0,00;0,00;2,75;0,00;0,00;2,85;2,89;0,88;0,69;0,00;0,71;0,72;1,00;0,96;0,95;
4.8.2015 04:45;001,1;000,0;;;;;22916;1704263;5905;190840;62;712;0;0;0;0;0;0;0;;0,75;0,75;1,00;0,00;0,00;0,00;13751,00;12423,00;13215,00;0,06;0,07;0,09;;0,75;0,75;1,00;0,00;0,00;0,00;2,75;0,00;0,00;2,85;2,89;0,89;0,69;0,00;0,71;0,72;1,00;0,96;0,95;
4.8.2015 05:00;001,2;000,0;;;;;22916;1704263;5905;190840;62;712;0;0;0;0;0;0;0;;0,75;0,75;1,00;0,00;0,00;0,00;13781,00;12466,00;13254,00;0,06;0,07;0,09;;0,75;0,75;1,00;0,00;0,00;0,00;2,75;0,00;0,00;2,86;2,90;0,91;0,69;0,00;0,72;0,72;1,00;0,96;0,95;
4.8.2015 05:15;001,1;000,0;;;;;22916;1704263;5905;190840;62;712;0;0;0;0;0;0;0;;0,75;0,75;1,00;0,00;0,00;0,00;13844,00;12496,00;13287,00;0,06;0,07;0,09;;0,75;0,75;1,00;0,00;0,00;0,00;2,75;0,00;0,00;2,94;2,98;1,14;0,69;0,00;0,73;0,74;1,00;0,94;0,92;
4.8.2015 05:30;000,8;000,0;;;;;22917;1704263;5907;190840;62;712;0;0;0;0;0;0;0;;-0,50;0,00;0,75;3,00;1,75;3,00;13790,00;12482,00;13269,00;0,28;0,23;0,30;;3,75;2,75;3,75;2,19;2,12;2,12;0,00;8,00;6,44;10,64;10,68;2,94;0,00;2,00;2,66;2,67;nan;0,00;0,00;
4.8.2015 05:45;000,0;000,9;;;;;22917;1704263;5907;190840;62;712;0;0;0;0;0;0;0;;-2,50;-1,50;-1,50;0,75;0,00;1,25;13793,00;12467,00;13235,00;0,21;0,17;0,19;;2,75;2,00;2,50;0,87;1,32;1,56;-5,75;2,25;3,75;7,57;7,58;2,29;-1,44;0,56;1,89;1,89;0,92;-0,76;-0,76;
4.8.2015 06:00;000,0;003,9;;;;;22917;1704264;5907;190841;62;712;0;0;0;0;0;0;0;;-5,00;-4,00;-3,75;1,00;0,00;1,50;13757,00;12422,00;13235,00;0,39;0,35;0,35;;5,25;4,25;4,50;1,25;1,44;1,98;-13,00;2,50;4,67;14,34;14,35;2,99;-3,25;0,62;3,59;3,59;0,98;-0,91;-0,91;
4.8.2015 06:15;000,0;006,9;;;;;22917;1704266;5907;190841;62;712;0;0;0;0;0;0;0;;-9,75;-8,25;-8,50;0,75;0,00;1,75;13636,00;12306,00;13109,00;0,73;0,68;0,68;;9,75;8,25;8,75;nan;0,00;1,12;-26,75;2,75;nan;27,26;27,27;NaN;-6,69;0,69;6,82;6,82;0,99;-0,98;-0,98;
4.8.2015 06:30;000,0;014,2;;;;;22917;1704270;5907;190841;62;712;0;0;0;0;0;0;0;;-9,75;-8,25;-8,50;0,75;0,50;1,75;13598,00;12282,00;13089,00;0,73;0,69;0,68;;9,75;8,50;8,75;nan;1,98;1,12;-26,75;3,25;nan;27,36;27,38;NaN;-6,69;0,81;6,84;6,84;0,99;-0,98;-0,98;
4.8.2015 06:45;000,0;014,8;;;;;22917;1704273;5907;190842;62;712;0;0;0;0;0;0;0;;-19,50;-17,25;-18,00;1,00;0,75;2,75;13577,00;12283,00;13074,00;1,45;1,42;1,41;;19,50;17,25;18,25;nan;nan;1,22;-55,00;5,00;nan;55,56;55,60;NaN;-13,75;1,25;13,89;13,90;1,00;-0,99;-0,99;
4.8.2015 07:00;000,0;024,0;;;;;22917;1704279;5907;190842;62;712;0;0;0;0;0;0;0;;-21,50;-18,75;-19,75;1,00;0,75;3,00;13646,00;12304,00;13106,00;1,59;1,55;1,54;;21,50;19,00;20,25;nan;2,98;3,32;-60,50;5,00;nan;60,92;60,95;NaN;-15,12;1,25;15,23;15,24;1,00;-0,99;-0,99;
4.8.2015 07:15;000,0;024,2;;;;;22917;1704285;5907;190843;62;712;0;0;0;0;0;0;0;;-26,00;-23,25;-24,50;1,25;1,25;3,75;13557,00;12267,00;13067,00;1,94;1,90;1,91;;26,25;23,25;24,75;3,39;nan;nan;-74,00;6,25;nan;74,50;74,54;NaN;-18,50;1,56;18,62;18,64;1,00;-0,99;-0,99;
4.8.2015 07:30;000,0;034,8;;;;;22917;1704294;5907;190844;62;712;0;0;0;0;0;0;0;;-39,25;-35,00;-37,00;2,25;2,00;5,75;13548,00;12278,00;13078,00;2,91;2,88;2,87;;39,50;35,25;37,50;3,82;3,68;2,05;-111,50;10,00;9,55;112,36;112,43;4,11;-27,88;2,50;28,09;28,11;1,00;-0,99;-0,99;
4.8.2015 07:45;000,0;047,2;;;;;22917;1704306;5907;190845;62;712;0;0;0;0;0;0;0;;-40,75;-36,50;-38,50;2,50;2,25;6,00;13504,00;12240,00;13037,00;3,03;2,99;2,99;;41,00;36,50;39,00;3,77;nan;1,66;-115,75;10,75;nan;116,66;116,73;NaN;-28,94;2,69;29,16;29,18;1,00;-0,99;-0,99;
4.8.2015 08:00;000,0;062,7;;;;;22917;1704322;5907;190846;62;712;0;0;0;0;0;0;0;;-65,00;-58,25;-61,75;3,50;3,75;9,50;13571,00;12258,00;13068,00;4,82;4,77;4,79;;65,25;58,50;62,50;4,51;3,89;1,71;-185,25;17,25;10,11;186,48;186,61;10,29;-46,31;4,31;46,62;46,65;1,00;-0,99;-0,99;
4.8.2015 08:15;000,0;091,5;;;;;22917;1704345;5907;190849;62;712;0;0;0;0;0;0;0;;-85,75;-77,25;-81,50;5,75;5,75;13,00;13562,00;12295,00;13087,00;6,35;6,31;6,32;;86,00;77,50;82,50;3,14;2,37;nan;-244,75;24,75;nan;246,38;246,55;NaN;-61,19;6,19;61,59;61,64;0,99;-0,99;-0,99;
4.8.2015 08:30;000,0;107,8;;;;;22917;1704372;5907;190852;62;712;0;0;0;0;0;0;0;;-101,75;-91,50;-96,75;7,75;7,75;16,50;13556,00;12279,00;13066,00;7,54;7,49;7,52;;102,25;92,00;98,25;6,48;5,63;4,50;-290,25;32,25;16,61;292,57;292,78;12,56;-72,56;8,06;73,14;73,19;0,99;-0,99;-0,99;
4.8.2015 08:45;000,0;123,9;;;;;22917;1704403;5907;190855;62;712;0;0;0;0;0;0;0;;-116,50;-105,25;-111,00;10,00;10,25;20,00;13547,00;12307,00;13088,00;8,65;8,60;8,63;;117,00;105,75;112,75;4,09;0,66;nan;-333,00;40,50;nan;335,91;336,14;NaN;-83,25;10,12;83,98;84,03;0,99;-0,99;-0,99;
4.8.2015 09:00;000,0;140,7;;;;;22917;1704438;5907;190859;62;712;0;0;0;0;0;0;0;;-129,50;-116,50;-123,25;9,50;10,00;21,00;13559,00;12295,00;13081,00;9,59;9,53;9,58;;130,00;117,00;125,25;6,28;4,09;7,48;-369,75;40,75;17,86;372,52;372,78;16,44;-92,44;10,19;93,13;93,19;0,99;-0,99;-0,99;
4.8.2015 09:15;000,0;155,6;;;;;22917;1704477;5907;190863;62;712;0;0;0;0;0;0;0;;-144,00;-129,25;-136,75;11,25;12,00;24,25;13557,00;12259,00;13055,00;10,66;10,60;10,66;;144,25;129,75;139,00;nan;nan;5,69;-410,25;47,75;nan;413,56;413,88;NaN;-102,56;11,94;103,39;103,47;0,99;-0,99;-0,99;
4.8.2015 09:30;000,0;171,5;;;;;22917;1704520;5907;190869;62;712;0;0;0;0;0;0;0;;-156,50;-141,00;-149,25;13,25;14,25;27,00;13533,00;12279,00;13071,00;11,61;11,56;11,61;;157,00;141,75;151,75;nan;3,00;4,85;-447,00;54,75;nan;450,86;451,18;NaN;-111,75;13,69;112,71;112,79;0,99;-0,99;-0,99;
4.8.2015 09:45;000,0;184,5;;;;;22917;1704566;5907;190874;62;712;0;0;0;0;0;0;0;;-167,75;-150,75;-159,25;14,75;15,25;29,50;13748,00;12422,00;13227,00;12,26;12,21;12,26;;168,50;151,50;162,00;5,88;nan;3,63;-478,00;59,50;nan;482,42;482,80;NaN;-119,50;14,88;120,60;120,70;0,99;-0,99;-0,99;
4.8.2015 10:00;000,0;196,7;;;;;22917;1704616;5907;190881;62;712;0;0;0;0;0;0;0;;-177,75;-160,00;-169,25;16,00;16,75;31,50;13812,00;12498,00;13322,00;12,93;12,88;12,93;;178,50;160,75;172,25;3,34;nan;5,68;-507,00;64,50;nan;511,82;512,21;NaN;-126,75;16,12;127,95;128,05;0,99;-0,99;-0,99;
4.8.2015 10:15;000,0;207,9;;;;;22917;1704668;5907;190887;62;712;0;0;0;0;0;0;0;;-187,25;-169,00;-179,00;14,75;16,25;31,25;13791,00;12508,00;13315,00;13,63;13,58;13,66;;188,00;169,75;181,75;7,99;nan;3,94;-535,50;62,25;nan;539,71;540,11;NaN;-133,88;15,56;134,93;135,03;0,99;-0,99;-0,99;
4.8.2015 10:30;000,0;217,4;;;;;22917;1704722;5907;190893;62;712;0;0;0;0;0;0;0;;-193,75;-174,75;-185,25;15,50;17,00;32,75;13825,00;12543,00;13347,00;14,06;14,00;14,10;;194,25;175,50;188,00;nan;nan;nan;-553,75;65,50;nan;558,24;558,64;NaN;-138,44;16,38;139,56;139,66;0,99;-0,99;-0,99;
4.8.2015 10:45;000,0;226,4;;;;;22917;1704779;5907;190900;62;712;0;0;0;0;0;0;0;;-202,75;-182,50;-193,25;17,25;18,00;35,25;13810,00;12513,00;13323,00;14,74;14,67;14,76;;203,50;183,50;196,50;2,67;6,48;4,91;-579,00;70,75;14,06;583,94;584,37;32,25;-144,75;17,69;145,98;146,09;0,99;-0,99;-0,99;
4.8.2015 11:00;000,0;235,1;;;;;22917;1704837;5907;190907;62;712;0;0;0;0;0;0;0;;-206,75;-187,25;-198,25;18,00;19,50;35,25;13818,00;12587,00;13384,00;15,03;14,97;15,05;;207,50;188,50;201,25;nan;9,46;nan;-592,50;73,00;nan;597,57;597,97;NaN;-148,12;18,25;149,39;149,49;0,99;-0,99;-0,99;
4.8.2015 11:15;000,0;228,1;;;;;22917;1704894;5907;190914;62;712;0;0;0;0;0;0;0;;-216,25;-195,00;-206,25;19,75;20,50;38,50;13817,00;12526,00;13335,00;15,73;15,67;15,75;;217,25;196,25;210,00;6,59;8,30;8,87;-618,00;79,00;23,76;623,68;624,15;28,79;-154,50;19,75;155,92;156,04;0,99;-0,99;-0,99;
4.8.2015 11:30;000,0;249,5;;;;;22917;1704957;5907;190923;62;712;0;0;0;0;0;0;0;;-218,75;-197,75;-209,00;20,75;21,50;39,50;13664,00;12432,00;13236,00;16,10;16,02;16,09;;219,75;199,00;213,00;2,82;5,80;11,30;-626,00;82,00;19,92;632,08;632,51;32,80;-156,50;20,50;158,02;158,13;0,99;-0,99;-0,99;
4.8.2015 11:45;000,0;257,2;;;;;22917;1705021;5907;190931;62;712;0;0;0;0;0;0;0;;-177,00;-159,75;-169,00;13,50;14,50;29,25;13755,00;12505,00;13306,00;12,92;12,83;12,91;;177,50;160,50;171,50;nan;5,47;nan;-506,00;57,50;nan;509,90;510,23;NaN;-126,50;14,38;127,47;127,56;0,99;-0,99;-0,99;
4.8.2015 12:00;000,0;258,5;;;;;22917;1705086;5907;190940;62;712;0;0;0;0;0;0;0;;-236,25;-213,00;-224,75;23,25;23,75;43,75;13863,00;12567,00;13360,00;17,14;17,07;17,16;;237,50;214,25;229,00;7,19;nan;3,79;-674,25;91,00;nan;681,19;681,69;NaN;-168,56;22,75;170,30;170,42;0,99;-0,99;-0,99;
4.8.2015 12:15;000,0;203,5;;;;;22917;1705137;5907;190947;62;712;0;0;0;0;0;0;0;;-255,25;-230,00;-242,25;27,50;27,50;49,25;13813,00;12511,00;13300,00;18,60;18,53;18,61;;257,00;231,75;247,50;11,84;7,20;12,07;-728,00;104,75;31,11;736,36;736,92;33,55;-182,00;26,19;184,09;184,23;0,99;-0,99;-0,99;
4.8.2015 12:30;000,0;271,7;;;;;22917;1705205;5907;190957;62;712;0;0;0;0;0;0;0;;-247,00;-223,50;-235,50;26,00;26,75;46,75;13781,00;12532,00;13320,00;18,03;17,97;18,05;;248,50;225,00;240,25;8,20;nan;8,62;-706,25;99,75;nan;714,10;714,60;NaN;-176,56;24,94;178,52;178,65;0,99;-0,99;-0,99;
4.8.2015 12:45;000,0;169,7;;;;;22917;1705247;5907;190963;62;712;0;0;0;0;0;0;0;;-249,75;-225,00;-237,25;26,25;27,00;48,00;13777,00;12496,00;13280,00;18,23;18,16;18,25;;251,00;226,75;242,25;nan;7,85;9,67;-712,25;101,50;nan;720,41;720,94;NaN;-178,06;25,38;180,10;180,23;0,99;-0,99;-0,99;
4.8.2015 13:00;000,0;273,4;;;;;22917;1705316;5907;190972;62;712;0;0;0;0;0;0;0;;-243,00;-219,50;-231,50;25,25;25,75;45,50;13802,00;12519,00;13310,00;17,72;17,67;17,75;;244,50;221,00;236,00;9,68;nan;5,79;-694,50;96,75;nan;701,97;702,49;NaN;-173,62;24,19;175,49;175,62;0,99;-0,99;-0,99;
4.8.2015 13:15;000,0;251,0;;;;;22917;1705378;5907;190981;62;712;0;0;0;0;0;0;0;;-187,00;-168,50;-178,50;15,75;16,50;31,75;13692,00;12410,00;13218,00;13,73;13,66;13,74;;187,75;169,50;181,50;5,74;8,11;8,48;-534,50;64,00;22,33;539,15;539,55;28,81;-133,62;16,00;134,79;134,89;0,99;-0,99;-0,99;
4.8.2015 13:30;000,0;087,8;;;;;22917;1705399;5907;190983;62;712;0;0;0;0;0;0;0;;-52,75;-47,50;-49,75;3,75;3,50;8,25;13642,00;12363,00;13177,00;3,88;3,86;3,83;;52,75;47,50;50,50;nan;nan;2,67;-150,00;15,75;nan;151,13;151,24;NaN;-37,50;3,94;37,78;37,81;0,99;-0,99;-0,99;
4.8.2015 13:45;000,0;163,9;;;;;22917;1705440;5907;190989;62;712;0;0;0;0;0;0;0;;-72,25;-65,00;-68,75;4,25;4,25;10,50;13722,00;12465,00;13273,00;5,29;5,24;5,25;;72,50;65,25;69,50;4,26;3,81;nan;-206,25;19,25;nan;207,65;207,79;NaN;-51,56;4,81;51,91;51,95;1,00;-0,99;-0,99;
4.8.2015 14:00;000,0;178,2;;;;;22917;1705485;5907;190994;62;712;0;0;0;0;0;0;0;;-63,00;-56,75;-60,00;3,75;3,75;9,25;13668,00;12426,00;13241,00;4,63;4,59;4,59;;63,25;57,00;60,75;4,18;3,79;2,24;-180,00;17,00;10,21;181,10;181,21;6,72;-45,00;4,25;45,27;45,30;1,00;-0,99;-0,99;
4.8.2015 14:15;000,0;141,1;;;;;22917;1705520;5907;190999;62;712;0;0;0;0;0;0;0;;-49,50;-44,50;-47,00;3,00;2,75;7,00;13687,00;12398,00;13231,00;3,63;3,62;3,60;;49,75;44,75;47,50;3,98;3,84;nan;-141,25;12,75;nan;142,17;142,28;NaN;-35,31;3,19;35,54;35,57;1,00;-0,99;-0,99;
4.8.2015 14:30;000,0;116,9;;;;;22917;1705550;5907;191002;62;712;0;0;0;0;0;0;0;;-242,25;-218,75;-231,00;24,75;25,00;44,75;13805,00;12520,00;13337,00;17,65;17,61;17,65;;243,50;220,25;235,25;nan;5,79;nan;-692,25;94,75;nan;699,47;700,00;NaN;-173,06;23,69;174,87;175,00;0,99;-0,99;-0,99;
4.8.2015 14:45;000,0;179,5;;;;;22917;1705595;5907;191008;62;712;0;0;0;0;0;0;0;;-152,50;-137,25;-144,00;24,50;23,75;37,25;13746,00;12458,00;13255,00;11,25;11,20;11,24;;154,50;139,50;149,00;3,71;7,66;8,80;-434,25;86,00;20,16;443,26;443,58;19,79;-108,56;21,50;110,81;110,90;0,98;-0,98;-0,98;
4.8.2015 15:00;000,0;254,7;;;;;22917;1705659;5907;191016;62;712;0;0;0;0;0;0;0;;-226,25;-203,50;-215,25;21,25;21,75;41,00;13867,00;12539,00;13363,00;16,40;16,33;16,40;;227,25;204,75;219,00;1,39;6,10;nan;-645,00;84,25;nan;651,33;651,84;NaN;-161,25;21,06;162,83;162,96;0,99;-0,99;-0,99;
4.8.2015 15:15;000,0;149,2;;;;;22917;1705696;5907;191021;62;712;0;0;0;0;0;0;0;;-229,75;-207,50;-219,50;22,25;23,00;41,50;13819,00;12534,00;13360,00;16,71;16,68;16,74;;230,75;209,00;223,25;nan;9,79;nan;-657,00;86,75;nan;663,60;664,11;NaN;-164,25;21,69;165,90;166,03;0,99;-0,99;-0,99;
4.8.2015 15:30;000,0;221,9;;;;;22917;1705751;5907;191027;62;712;0;0;0;0;0;0;0;;-217,50;-196,50;-207,75;19,75;20,50;38,25;13860,00;12578,00;13387,00;15,77;15,72;15,79;;218,50;197,50;211,25;6,78;nan;1,85;-622,00;78,75;nan;627,65;628,11;NaN;-155,50;19,69;156,91;157,03;0,99;-0,99;-0,99;
4.8.2015 15:45;000,0;234,6;;;;;22917;1705810;5907;191035;62;712;0;0;0;0;0;0;0;;-192,00;-173,00;-183,00;15,75;16,00;32,25;13867,00;12551,00;13376,00;13,90;13,85;13,91;;192,75;173,75;186,00;6,36;2,02;8,18;-548,25;64,25;16,56;552,61;553,04;29,48;-137,06;16,06;138,15;138,26;0,99;-0,99;-0,99;
4.8.2015 16:00;000,0;212,6;;;;;22917;1705863;5907;191041;62;712;0;0;0;0;0;0;0;;-178,00;-160,25;-169,50;13,75;14,00;29,50;13819,00;12533,00;13353,00;12,94;12,86;12,91;;178,75;161,00;172,25;8,86;6,70;8,34;-508,25;57,50;23,90;512,28;512,64;24,63;-127,06;14,38;128,07;128,16;0,99;-0,99;-0,99;
4.8.2015 16:15;000,0;184,6;;;;;22917;1705909;5907;191046;62;712;0;0;0;0;0;0;0;;-168,25;-151,25;-160,25;12,25;13,00;27,25;13815,00;12517,00;13332,00;12,22;12,15;12,21;;168,75;152,00;162,75;4,29;7,64;8,06;-480,00;52,50;20,00;483,59;483,94;25,25;-120,00;13,12;120,90;120,98;0,99;-0,99;-0,99;
4.8.2015 16:30;000,0;179,6;;;;;22917;1705954;5907;191051;62;712;0;0;0;0;0;0;0;;-157,75;-142,25;-150,75;11,00;11,50;24,75;13870,00;12587,00;13408,00;11,42;11,35;11,40;;158,25;142,75;152,75;6,08;3,20;nan;-451,00;47,50;nan;454,14;454,46;NaN;-112,75;11,88;113,53;113,61;0,99;-0,99;-0,99;
4.8.2015 16:45;000,0;168,4;;;;;22917;1705996;5907;191055;62;712;0;0;0;0;0;0;0;;-138,00;-124,25;-131,75;8,75;9,50;21,25;13814,00;12521,00;13341,00;10,03;9,96;10,02;;138,50;124,50;133,50;7,85;nan;3,55;-394,50;39,50;nan;396,97;397,25;NaN;-98,62;9,88;99,24;99,31;0,99;-0,99;-0,99;
4.8.2015 17:00;000,0;147,4;;;;;22917;1706033;5907;191059;62;712;0;0;0;0;0;0;0;;-120,25;-108,50;-115,00;7,25;7,75;17,75;13774,00;12507,00;13324,00;8,76;8,70;8,74;;120,50;108,75;116,50;2,76;nan;5,67;-344,00;33,00;nan;346,02;346,26;NaN;-86,00;8,25;86,51;86,56;1,00;-0,99;-0,99;
4.8.2015 17:15;000,0;127,1;;;;;22917;1706064;5907;191062;62;712;0;0;0;0;0;0;0;;-91,00;-81,50;-86,75;5,00;5,50;13,50;13793,00;12471,00;13313,00;6,62;6,57;6,61;;91,25;81,75;87,75;4,53;3,25;nan;-259,50;24,25;nan;261,11;261,30;NaN;-64,88;6,06;65,28;65,33;1,00;-0,99;-0,99;
4.8.2015 17:30;000,0;116,4;;;;;22917;1706093;5907;191064;62;712;0;0;0;0;0;0;0;;-87,25;-78,25;-82,75;5,00;5,00;12,75;13847,00;12495,00;13335,00;6,32;6,28;6,30;;87,50;78,25;83,75;4,32;nan;1,98;-248,50;23,00;nan;250,02;250,22;NaN;-62,12;5,75;62,51;62,56;1,00;-0,99;-0,99;
4.8.2015 17:45;000,0;084,6;;;;;22917;1706114;5907;191066;62;712;0;0;0;0;0;0;0;;-79,50;-71,25;-75,00;5,00;4,75;12,00;13727,00;12426,00;13252,00;5,81;5,75;5,75;;79,75;71,25;76,00;3,85;nan;2,65;-225,75;22,00;nan;227,34;227,49;NaN;-56,44;5,50;56,83;56,87;1,00;-0,99;-0,99;
4.8.2015 18:00;000,0;080,0;;;;;22917;1706134;5907;191068;62;712;0;0;0;0;0;0;0;;-64,50;-57,75;-60,50;4,00;3,25;9,25;13775,00;12473,00;13291,00;4,69;4,65;4,63;;64,50;58,00;61,50;nan;4,29;6,04;-183,00;16,75;nan;184,17;184,31;NaN;-45,75;4,19;46,04;46,08;1,00;-0,99;-0,99;
4.8.2015 18:15;000,0;061,5;;;;;22917;1706150;5907;191070;62;712;0;0;0;0;0;0;0;;-48,50;-43,50;-45,50;3,00;2,25;7,00;13743,00;12405,00;13232,00;3,55;3,51;3,49;;48,75;43,50;46,00;3,91;nan;nan;-137,50;12,50;nan;138,51;138,61;NaN;-34,38;3,12;34,63;34,65;1,00;-0,99;-0,99;
4.8.2015 18:30;000,0;049,5;;;;;22917;1706162;5907;191071;62;712;0;0;0;0;0;0;0;;-38,00;-34,00;-35,50;2,50;1,75;5,25;13619,00;12340,00;13171,00;2,80;2,78;2,75;;38,00;34,25;36,00;nan;3,74;2,86;-108,00;10,00;nan;108,63;108,71;NaN;-27,00;2,50;27,16;27,18;1,00;-0,99;-0,99;
4.8.2015 18:45;000,0;034,6;;;;;22917;1706171;5907;191072;62;712;0;0;0;0;0;0;0;;-23,75;-21,25;-22,25;1,50;1,00;3,25;13633,00;12342,00;13156,00;1,76;1,74;1,71;;24,00;21,50;22,50;3,11;3,11;0,79;-67,50;6,00;7,02;68,10;68,15;1,70;-16,88;1,50;17,02;17,04;1,00;-0,99;-0,99;
4.8.2015 19:00;000,0;021,4;;;;;22917;1706176;5907;191072;62;712;0;0;0;0;0;0;0;;-14,50;-12,75;-13,00;1,25;0,50;2,25;13648,00;12338,00;13175,00;1,07;1,05;1,01;;14,50;12,75;13,25;nan;nan;1,22;-40,25;4,25;nan;40,83;40,87;NaN;-10,06;1,06;10,21;10,22;0,99;-0,99;-0,98;
4.8.2015 19:15;000,0;012,9;;;;;22917;1706179;5907;191072;62;712;0;0;0;0;0;0;0;;-9,50;-8,25;-8,00;1,25;0,50;1,75;13696,00;12398,00;13221,00;0,70;0,68;0,64;;9,50;8,25;8,25;nan;nan;1,00;-26,00;3,50;nan;26,42;26,45;NaN;-6,50;0,88;6,60;6,61;0,99;-0,98;-0,98;
4.8.2015 19:30;000,0;008,4;;;;;22917;1706181;5907;191073;62;712;0;0;0;0;0;0;0;;-6,00;-5,25;-5,25;1,00;0,50;1,25;13655,00;12328,00;13179,00;0,47;0,45;0,43;;6,25;5,50;5,50;1,44;1,56;1,06;-17,00;3,00;4,06;17,63;17,65;NaN;-4,25;0,75;4,41;4,41;0,98;-0,96;-0,96;
4.8.2015 19:45;000,0;005,6;;;;;22917;1706183;5907;191073;62;712;0;0;0;0;0;0;0;;-3,75;-3,00;-2,75;1,00;0,00;1,50;13603,00;12342,00;13180,00;0,31;0,26;0,25;;4,00;3,00;3,25;0,97;0,00;0,87;-9,50;2,50;1,83;10,66;10,68;3,78;-2,38;0,62;2,66;2,67;0,97;-0,89;-0,89;
4.8.2015 20:00;000,0;002,0;;;;;22917;1706183;5907;191073;62;712;0;0;0;0;0;0;0;;-0,50;-0,25;0,00;1,00;0,50;1,00;13701,00;12394,00;13213,00;0,11;0,08;0,10;;1,50;1,00;1,25;1,00;0,83;0,75;-1,00;2,75;2,58;3,92;3,93;0,48;-0,25;0,69;0,98;0,98;-0,92;-0,26;-0,25;
4.8.2015 20:15;000,5;000,1;;;;;22917;1706183;5908;191073;62;712;0;0;0;0;0;0;0;;0,00;1,00;1,75;7,50;6,00;7,50;13697,00;12373,00;13212,00;0,56;0,51;0,60;;7,50;6,25;7,75;0,00;1,44;0,87;2,75;21,25;2,30;21,87;21,90;3,89;0,69;5,31;5,47;5,47;0,13;0,13;0,13;
4.8.2015 20:30;001,2;000,0;;;;;22917;1706183;5908;191073;62;712;0;0;0;0;0;0;0;;0,75;0,75;1,00;0,00;0,00;0,00;13621,00;12302,00;13149,00;0,07;0,07;0,09;;0,75;0,75;1,00;0,00;0,00;0,00;2,75;0,00;0,00;2,90;2,92;0,99;0,69;0,00;0,73;0,73;1,00;0,95;0,94;
4.8.2015 20:45;001,1;000,0;;;;;22917;1706183;5908;191073;62;712;0;0;0;0;0;0;0;;0,75;0,75;1,00;0,00;0,00;0,00;13599,00;12288,00;13129,00;0,07;0,07;0,09;;0,75;0,75;1,00;0,00;0,00;0,00;2,75;0,00;0,00;2,90;2,92;0,98;0,69;0,00;0,72;0,73;1,00;0,95;0,94;
4.8.2015 21:00;001,2;000,0;;;;;22918;1706183;5908;191073;62;712;0;0;0;0;0;0;0;;0,75;0,75;1,00;0,00;0,00;0,00;13616,00;12324,00;13150,00;0,07;0,07;0,09;;0,75;0,75;1,00;0,00;0,00;0,00;2,75;0,00;0,00;2,90;2,92;1,00;0,69;0,00;0,73;0,73;1,00;0,95;0,94;
4.8.2015 21:15;001,1;000,0;;;;;22918;1706183;5908;191073;62;712;0;0;0;0;0;0;0;;0,75;0,75;1,00;0,00;0,00;0,00;13687,00;12352,00;13188,00;0,07;0,07;0,09;;0,75;0,75;1,00;0,00;0,00;0,00;2,75;0,00;0,00;2,91;2,94;1,03;0,69;0,00;0,73;0,73;1,00;0,94;0,94;
4.8.2015 21:30;001,2;000,0;;;;;22918;1706183;5908;191073;62;712;0;0;0;0;0;0;0;;0,75;0,75;1,00;0,00;0,00;0,00;13670,00;12361,00;13189,00;0,07;0,07;0,09;;0,75;0,75;1,00;0,00;0,00;0,00;2,75;0,00;0,00;2,91;2,93;1,02;0,69;0,00;0,73;0,73;1,00;0,94;0,94;
4.8.2015 21:45;001,2;000,0;;;;;22918;1706183;5908;191073;62;712;0;0;0;0;0;0;0;;0,75;0,75;1,00;0,00;0,00;0,00;13693,00;12398,00;13222,00;0,07;0,07;0,09;;0,75;0,75;1,00;0,00;0,00;0,00;2,75;0,00;0,00;2,98;3,01;1,22;0,69;0,00;0,75;0,75;1,00;0,92;0,91;
4.8.2015 22:00;001,1;000,0;;;;;22919;1706183;5908;191073;62;712;0;0;0;0;0;0;0;;0,75;0,75;1,00;0,00;0,00;0,00;13666,00;12342,00;13172,00;0,07;0,07;0,09;;0,75;0,75;1,00;0,00;0,00;0,00;2,75;0,00;0,00;2,91;2,93;1,02;0,69;0,00;0,73;0,73;1,00;0,95;0,94;
